
<marc:record><marc:leader>01932cam a2200433 i 4500</marc:leader>
<marc:controlfield tag="001">9919014570402836</marc:controlfield>
<marc:controlfield tag="005">20201211154850.0</marc:controlfield><marc:controlfield tag="008">201126t20202020nz            000 f mao d</marc:controlfield><marc:datafield tag="020" ind1=" " ind2=" "><marc:subfield code="a">9781869409258</marc:subfield><marc:subfield code="q">paperback</marc:subfield></marc:datafield><marc:datafield tag="020" ind1=" " ind2=" "><marc:subfield code="a">1869409256</marc:subfield><marc:subfield code="q">paperback</marc:subfield></marc:datafield><marc:datafield tag="035" ind1=" " ind2=" "><marc:subfield code="a">(OCoLC)1206224679</marc:subfield></marc:datafield><marc:datafield tag="040" ind1=" " ind2=" "><marc:subfield code="a">NZAUC</marc:subfield><marc:subfield code="b">eng</marc:subfield><marc:subfield code="e">rda</marc:subfield><marc:subfield code="c">NZAUC</marc:subfield><marc:subfield code="d">OCLCO</marc:subfield><marc:subfield code="d">Nz</marc:subfield></marc:datafield><marc:datafield tag="041" ind1="1" ind2=" "><marc:subfield code="a">mao</marc:subfield><marc:subfield code="h">por</marc:subfield></marc:datafield><marc:datafield tag="042" ind1=" " ind2=" "><marc:subfield code="a">nznb</marc:subfield></marc:datafield><marc:datafield tag="082" ind1="0" ind2="4"><marc:subfield code="a">869.342</marc:subfield><marc:subfield code="2">23</marc:subfield></marc:datafield><marc:datafield tag="100" ind1="1" ind2=" "><marc:subfield code="a">Coelho, Paulo,</marc:subfield><marc:subfield code="e">author.</marc:subfield></marc:datafield><marc:datafield tag="240" ind1="1" ind2="0"><marc:subfield code="a">Alquimista.</marc:subfield><marc:subfield code="l">Māori</marc:subfield></marc:datafield><marc:datafield tag="245" ind1="1" ind2="3"><marc:subfield code="a">Te ruānuku /</marc:subfield><marc:subfield code="c">nā Paulo Coelho ; nā Hēmi Kelly i whakamāori.</marc:subfield></marc:datafield><marc:datafield tag="264" ind1=" " ind2="1"><marc:subfield code="a">Tāmaki Makarau, Aotearoa :</marc:subfield><marc:subfield code="b">Auckland University Press;</marc:subfield><marc:subfield code="c">2020.</marc:subfield></marc:datafield><marc:datafield tag="264" ind1=" " ind2="4"><marc:subfield code="c">©2020</marc:subfield></marc:datafield><marc:datafield tag="300" ind1=" " ind2=" "><marc:subfield code="a">149 pages ;</marc:subfield><marc:subfield code="c">21 cm.</marc:subfield></marc:datafield><marc:datafield tag="336" ind1=" " ind2=" "><marc:subfield code="a">text</marc:subfield><marc:subfield code="b">txt</marc:subfield><marc:subfield code="2">rdacontent</marc:subfield></marc:datafield><marc:datafield tag="337" ind1=" " ind2=" "><marc:subfield code="a">unmediated</marc:subfield><marc:subfield code="b">n</marc:subfield><marc:subfield code="2">rdamedia</marc:subfield></marc:datafield><marc:datafield tag="338" ind1=" " ind2=" "><marc:subfield code="a">volume</marc:subfield><marc:subfield code="b">nc</marc:subfield><marc:subfield code="2">rdacarrier</marc:subfield></marc:datafield><marc:datafield tag="490" ind1="1" ind2=" "><marc:subfield code="a">Kotahi rau pukapuka ;</marc:subfield><marc:subfield code="v">3</marc:subfield></marc:datafield><marc:datafield tag="500" ind1=" " ind2=" "><marc:subfield code="a">Novel.</marc:subfield></marc:datafield><marc:datafield tag="500" ind1=" " ind2=" "><marc:subfield code="a">Translation from the Portuguese of: O alquimista. Rio de Janeiro : Editora Rocco, c1988.</marc:subfield></marc:datafield><marc:datafield tag="520" ind1=" " ind2=" "><marc:subfield code="a">&quot;He pūrākau whakamīharo te pukapuka a Paulo Coelho mō Hanatiāko, mō tētahi taitama hēpara nō Anarūhia e kōingo ana ki te hāereere ki te kimi i ngā kura huna o te ao. I roto i tana haerenga, ka kite ia i ētahi kura tino rerekē nei i tāna i pohewa ai e ea ai tana kōingo. Ka whakaako mai Te Ruānuku i te pūmanawa o te whakarongo ki ō tātou ngākau, o te kite i ngā huarahi, o te ako hoki ki te whakamāori i ngā tohu ka puta mai i te wā o te ora me te akoranga nui katoa o te whai i ō tātou moemoeā&quot;--Back cover.</marc:subfield></marc:datafield><marc:datafield tag="650" ind1=" " ind2="0"><marc:subfield code="a">Alchemists</marc:subfield><marc:subfield code="v">Fiction.</marc:subfield></marc:datafield><marc:datafield tag="650" ind1=" " ind2="0"><marc:subfield code="a">Shepherds</marc:subfield><marc:subfield code="v">Fiction.</marc:subfield></marc:datafield><marc:datafield tag="651" ind1=" " ind2="0"><marc:subfield code="a">Andalusia (Spain)</marc:subfield><marc:subfield code="v">Fiction.</marc:subfield></marc:datafield><marc:datafield tag="655" ind1=" " ind2="7"><marc:subfield code="a">Bildungsromans.</marc:subfield><marc:subfield code="2">lcgft</marc:subfield></marc:datafield><marc:datafield tag="650" ind1=" " ind2="7"><marc:subfield code="a">Pakiwaitara.</marc:subfield><marc:subfield code="2">reo</marc:subfield></marc:datafield><marc:datafield tag="700" ind1="1" ind2=" "><marc:subfield code="a">Kelly, Hēmi,</marc:subfield><marc:subfield code="e">translator.</marc:subfield></marc:datafield><marc:datafield tag="700" ind1="1" ind2=" "><marc:subfield code="i">Translation of:</marc:subfield><marc:subfield code="a">Coelho, Paulo.</marc:subfield><marc:subfield code="t">Alquimista.</marc:subfield></marc:datafield><marc:datafield tag="830" ind1=" " ind2="0"><marc:subfield code="a">Kotahi rau pukapuka ;</marc:subfield><marc:subfield code="v">3</marc:subfield></marc:datafield><marc:datafield tag="901" ind1=" " ind2=" "><marc:subfield code="a">SVV</marc:subfield></marc:datafield><marc:datafield tag="921" ind1=" " ind2=" "><marc:subfield code="a">Junior secondary</marc:subfield></marc:datafield><marc:datafield tag="942" ind1=" " ind2=" "><marc:subfield code="a">nznb 2020-12</marc:subfield></marc:datafield></marc:record>