
<marc:record><marc:leader>04458cam a2200505 i 4500</marc:leader>
<marc:controlfield tag="001">9919016670702836</marc:controlfield>
<marc:controlfield tag="005">20210308083748.0</marc:controlfield><marc:controlfield tag="008">200916t20202020nz a c        000 0deng d</marc:controlfield><marc:datafield tag="020" ind1=" " ind2=" "><marc:subfield code="a">9781988587738</marc:subfield><marc:subfield code="q">hardback</marc:subfield></marc:datafield><marc:datafield tag="020" ind1=" " ind2=" "><marc:subfield code="a">1988587735</marc:subfield><marc:subfield code="q">hardback</marc:subfield></marc:datafield><marc:datafield tag="035" ind1=" " ind2=" "><marc:subfield code="a">(OCoLC)1198240498</marc:subfield></marc:datafield><marc:datafield tag="040" ind1=" " ind2=" "><marc:subfield code="a">NZLEP</marc:subfield><marc:subfield code="b">eng</marc:subfield><marc:subfield code="e">rda</marc:subfield><marc:subfield code="c">NZLEP</marc:subfield><marc:subfield code="d">UZ0</marc:subfield><marc:subfield code="d">NZAUC</marc:subfield><marc:subfield code="d">NZTOI</marc:subfield><marc:subfield code="d">OCLCF</marc:subfield><marc:subfield code="d">Nz</marc:subfield></marc:datafield><marc:datafield tag="041" ind1="0" ind2=" "><marc:subfield code="a">eng</marc:subfield><marc:subfield code="a">mao</marc:subfield></marc:datafield><marc:datafield tag="042" ind1=" " ind2=" "><marc:subfield code="a">nznb</marc:subfield></marc:datafield><marc:datafield tag="043" ind1=" " ind2=" "><marc:subfield code="a">u-nz---</marc:subfield></marc:datafield><marc:datafield tag="082" ind1="0" ind2="4"><marc:subfield code="a">303.3408999442</marc:subfield><marc:subfield code="2">23</marc:subfield></marc:datafield><marc:datafield tag="245" ind1="0" ind2="0"><marc:subfield code="a">Te Kai a te Rangatira :</marc:subfield><marc:subfield code="b">leadership from the Māori world /</marc:subfield><marc:subfield code="c">editors: Rawiri J. Tapiata, Renee Smith &amp; Marcus Akuhata-Brown.</marc:subfield></marc:datafield><marc:datafield tag="246" ind1="1" ind2=" "><marc:subfield code="a">Kai a te Rangatira</marc:subfield></marc:datafield><marc:datafield tag="246" ind1="1" ind2="0"><marc:subfield code="a">Leadership from the Māori world</marc:subfield></marc:datafield><marc:datafield tag="264" ind1=" " ind2="1"><marc:subfield code="a">Wellington, New Zealand :</marc:subfield><marc:subfield code="b">Rawiri J. Tapiata, Renee Smith &amp; Marcus Akuhata-Brown with Bridget Williams Books Ltd,</marc:subfield><marc:subfield code="c">2020.</marc:subfield></marc:datafield><marc:datafield tag="264" ind1=" " ind2="4"><marc:subfield code="c">©2020</marc:subfield></marc:datafield><marc:datafield tag="300" ind1=" " ind2=" "><marc:subfield code="a">456 pages :</marc:subfield><marc:subfield code="b">colour illustrations, portraits ;</marc:subfield><marc:subfield code="c">28 cm</marc:subfield></marc:datafield><marc:datafield tag="336" ind1=" " ind2=" "><marc:subfield code="a">text</marc:subfield><marc:subfield code="2">rdacontent</marc:subfield></marc:datafield><marc:datafield tag="336" ind1=" " ind2=" "><marc:subfield code="a">still image</marc:subfield><marc:subfield code="2">rdacontent</marc:subfield></marc:datafield><marc:datafield tag="337" ind1=" " ind2=" "><marc:subfield code="a">unmediated</marc:subfield><marc:subfield code="2">rdamedia</marc:subfield></marc:datafield><marc:datafield tag="338" ind1=" " ind2=" "><marc:subfield code="a">volume</marc:subfield><marc:subfield code="2">rdacarrier</marc:subfield></marc:datafield><marc:datafield tag="505" ind1="0" ind2=" "><marc:subfield code="a">Wāhanga kōrero = Foreword / Te Heuheu Tukino VII -- Kupu arataki = Introduction.</marc:subfield></marc:datafield><marc:datafield tag="505" ind1="0" ind2=" "><marc:subfield code="a">James Wharehuia Milroy -- Arthur Adlam -- Tui Ah Loo -- Pem Bird -- Whirimako Black -- Rauru Broughton -- Peter Butler -- Ngaropi Cameron -- Jono Campbell -- Sam Chapman -- Kate Cherrington &amp; Bentham Ohia -- Judy Clifford Waititi -- Charlie Crofts -- Toby Curtis -- Lou Davis &amp; Sharon Davis -- Hinetu Dell -- Cathy Dewes -- Campbell Dewes -- Mason Durie -- Edward Ellison -- Moana Eruera -- Te Ururoa Flavell -- Clive Fugill -- Rikirangi Gage -- Patricia Grace -- Hilda Halkyard-Harawira &amp; Hone Harawira -- Joe Harawira -- Raewyn Harris, Eleanor Murphy &amp; Khyla Russell -- Te Ripowai Higgins -- Ruakere Hond -- Amohaere Houkamau &amp; Selwyn Parata -- Ngamoni Huata -- Liz Hunkin -- Tame Iti -- Moana Jackson -- Willie Jackson -- Peter-Lucas Jones -- Erena Kara -- Timoti Kāretu -- Tiahuia Kawe-Small -- Pane Kawhia -- Kirimaaku Kihi -- Kristen Kohere-Soutar &amp; Barry Souter -- Derek Lardelli -- Cazna Luke &amp; Lee Luke -- Tipa Mahuta -- Taitimu Maipi -- Zack Makoare -- Rangi Matamua -- Tutata Matatahi -- Tuahinekore Matthews.</marc:subfield></marc:datafield><marc:datafield tag="505" ind1="0" ind2=" "><marc:subfield code="a">Moe Milne -- Te Ariki Mōrehu -- Taipari Munro -- Tina Ngata -- Wayne Ngata -- Tipene O'Regan -- Hana O'Regan -- Ani Pahuru-Huriwai -- Rahui Papa -- Rose Pere -- Alva Pomare -- Tuihana Pook -- Rita Powick -- Aroha Reriti-Crofts -- Poia Rewi -- Tom Roa -- Fayne Robinson -- Rob Ruha -- Karl Russell -- Eugene Ryder &amp; Sheree Ryder -- Leonie Simpson -- Tuatini Sinnott -- Graham Smith -- Linda Tuhiwai-Smith -- Mark Solomon -- Miriana Stephens -- Hemi Sundgren -- Annette Sykes -- Tahi Takao -- Aroaro Tamati &amp; Howie Tamati -- John Tamihere -- Iritana Tawhiwhirangi -- Barney Thomas -- Bubba Thompson -- Esther Tinirau -- Kōtuku Tomoana -- Nancy Tuaine -- Tariana Turia -- Waaka Vercoe -- Walton Walker -- Wharehoka Wano -- Puna Wano-Bryant -- Dean Whaanga -- Koa Whitau-Kean -- Haare Williams -- Joe Williams -- Kaa Williams &amp; Tāwhirimātea Williams -- Che Wilson -- Kim Workman -- Rawiri Wright &amp; Renee Wright.</marc:subfield></marc:datafield><marc:datafield tag="505" ind1="0" ind2=" "><marc:subfield code="a">Ngā Haurongo = Biographies -- He Mihi = Acknowledgements -- Publication &amp; Editorial Notes.</marc:subfield></marc:datafield><marc:datafield tag="520" ind1=" " ind2=" "><marc:subfield code="a">&quot;Represents the collective effort of over thirty rangatahi who interviewed more than one hundred Māori spanning the length and breadth of Aotearoa ... it explores the origins and values of Māori leadership, as well as the life experiences that nurture rangatira across different rohe, iwi and hapū&quot;--Book jacket.</marc:subfield></marc:datafield><marc:datafield tag="546" ind1=" " ind2=" "><marc:subfield code="a">&quot;The words in this book come from interviews conducted between December 2017 and February 2020. Many were completely in te reo Māori, others completely in English, and some in both languages. To reflect the preferences of kaikōrero, none have been translated. Dialectical preferences have also been retained, such as 'k' in place of 'ng' as in Kāi Tahu/Ngāi Tahu, and variant iwi spellings&quot;--Page 456.</marc:subfield></marc:datafield><marc:datafield tag="650" ind1=" " ind2="0"><marc:subfield code="a">Maori (New Zealand people)</marc:subfield><marc:subfield code="v">Interviews.</marc:subfield></marc:datafield><marc:datafield tag="650" ind1=" " ind2="0"><marc:subfield code="a">Maori (New Zealand people)</marc:subfield><marc:subfield code="v">Portraits.</marc:subfield></marc:datafield><marc:datafield tag="650" ind1=" " ind2="0"><marc:subfield code="a">Leadership.</marc:subfield></marc:datafield><marc:datafield tag="650" ind1=" " ind2="7"><marc:subfield code="a">Rangatira.</marc:subfield><marc:subfield code="2">reo</marc:subfield></marc:datafield><marc:datafield tag="650" ind1=" " ind2="7"><marc:subfield code="a">Kōrero.</marc:subfield><marc:subfield code="2">reo</marc:subfield></marc:datafield><marc:datafield tag="650" ind1=" " ind2="7"><marc:subfield code="a">Uiuitanga.</marc:subfield><marc:subfield code="2">reo</marc:subfield></marc:datafield><marc:datafield tag="650" ind1=" " ind2="7"><marc:subfield code="a">Whakaahua.</marc:subfield><marc:subfield code="2">reo</marc:subfield></marc:datafield><marc:datafield tag="700" ind1="1" ind2=" "><marc:subfield code="a">Tapiata, Rawiri J.</marc:subfield><marc:subfield code="e">editor.</marc:subfield></marc:datafield><marc:datafield tag="700" ind1="1" ind2=" "><marc:subfield code="a">Smith, Renee</marc:subfield><marc:subfield code="q">(Renee Iritana),</marc:subfield><marc:subfield code="e">editor.</marc:subfield></marc:datafield><marc:datafield tag="700" ind1="1" ind2=" "><marc:subfield code="a">Akuhata-Brown, Marcus,</marc:subfield><marc:subfield code="e">editor.</marc:subfield></marc:datafield><marc:datafield tag="901" ind1=" " ind2=" "><marc:subfield code="a">SVV</marc:subfield></marc:datafield><marc:datafield tag="921" ind1=" " ind2=" "><marc:subfield code="a">Senior secondary</marc:subfield></marc:datafield><marc:datafield tag="942" ind1=" " ind2=" "><marc:subfield code="a">nznb 2021-02</marc:subfield></marc:datafield></marc:record>