
<marc:record><marc:leader>02399cam a2200409 i 4500</marc:leader>
<marc:controlfield tag="001">9918874466102836</marc:controlfield>
<marc:controlfield tag="005">20200730165341.0</marc:controlfield><marc:controlfield tag="008">191216t20192019nz a     b    00| 0 eng  </marc:controlfield><marc:datafield tag="035" ind1=" " ind2=" "><marc:subfield code="a">(OCoLC)1134451736</marc:subfield></marc:datafield><marc:datafield tag="040" ind1=" " ind2=" "><marc:subfield code="a">Nz</marc:subfield><marc:subfield code="b">eng</marc:subfield><marc:subfield code="e">rda</marc:subfield><marc:subfield code="c">Nz</marc:subfield></marc:datafield><marc:datafield tag="041" ind1=" " ind2=" "><marc:subfield code="a">eng</marc:subfield><marc:subfield code="a">mao</marc:subfield></marc:datafield><marc:datafield tag="042" ind1=" " ind2=" "><marc:subfield code="a">nznb</marc:subfield></marc:datafield><marc:datafield tag="043" ind1=" " ind2=" "><marc:subfield code="a">u-nz---</marc:subfield></marc:datafield><marc:datafield tag="245" ind1="0" ind2="0"><marc:subfield code="a">This joyous, chaotic place :</marc:subfield><marc:subfield code="b">He Waiata Tangi-ā-tahu : celebrating the life and work of Heather McPherson (1942-2017).</marc:subfield></marc:datafield><marc:datafield tag="246" ind1="1" ind2="0"><marc:subfield code="a">Waiata tangi-ā-tahu</marc:subfield></marc:datafield><marc:datafield tag="246" ind1="1" ind2="0"><marc:subfield code="a">Celebrating the life and work of Heather McPherson (1942-2017)</marc:subfield></marc:datafield><marc:datafield tag="264" ind1=" " ind2="1"><marc:subfield code="a">Auckland, New Zealand:</marc:subfield><marc:subfield code="b">Mokopōpaki and Spiral,</marc:subfield><marc:subfield code="c">2019.</marc:subfield></marc:datafield><marc:datafield tag="264" ind1=" " ind2="4"><marc:subfield code="c">©2019</marc:subfield></marc:datafield><marc:datafield tag="300" ind1=" " ind2=" "><marc:subfield code="a">84 pages :</marc:subfield><marc:subfield code="b">colour illustrations ;</marc:subfield><marc:subfield code="c">21 cm.</marc:subfield></marc:datafield><marc:datafield tag="336" ind1=" " ind2=" "><marc:subfield code="a">text</marc:subfield><marc:subfield code="2">rdacontent</marc:subfield></marc:datafield><marc:datafield tag="337" ind1=" " ind2=" "><marc:subfield code="a">unmediated</marc:subfield><marc:subfield code="2">rdamedia</marc:subfield></marc:datafield><marc:datafield tag="338" ind1=" " ind2=" "><marc:subfield code="a">volume</marc:subfield><marc:subfield code="2">rdacarrier</marc:subfield></marc:datafield><marc:datafield tag="490" ind1="1" ind2=" "><marc:subfield code="a">Mokopōpaki,</marc:subfield><marc:subfield code="x">2537-8783 ;</marc:subfield><marc:subfield code="v">1 March -14 April 2018.</marc:subfield></marc:datafield><marc:datafield tag="500" ind1=" " ind2=" "><marc:subfield code="a">Photography by Arekahānara and Adrienne Martyn.</marc:subfield></marc:datafield><marc:datafield tag="504" ind1=" " ind2=" "><marc:subfield code="a">Includes bibliographical references.</marc:subfield></marc:datafield><marc:datafield tag="505" ind1="0" ind2=" "><marc:subfield code="a">He pānui -- He waiata tangi-ā-tahu -- Word games / Mokopōpaki -- He waiata tangi ki ngā kuia, ki ngā whaea, ki ngā wāhine toa o te motu nei -- Domestic #1 : He tīmatatanga / M [Marian Evans] -- From the scraps of the patriarchy I made myself anew / Tiffany Thornley -- Gardening today / Allie Eagle -- The littlest chickpea / Dr P [Cushla Parekowhai] -- Spiral / Heather McPherson -- Close-up / M -- Domestic #2 / M -- Te pou Tuarongo : Kohine's lament / Dr P -- He aho = weft : from Matariki tour to he kaitaka / M -- Kia kanoi = twist : the Banks cloak / Margery Blackman -- He kahuki = warp : he kaitaka 1986 : my bloodied hands / Dr P -- The bone song people / Dr P -- Il cammin di nostra vita : the journey of our life -- The last hurrah! / Dr P -- Domestic #3 : Ahimaru / M -- Works in the exhibition -- Biographies.</marc:subfield></marc:datafield><marc:datafield tag="546" ind1=" " ind2=" "><marc:subfield code="a">Chiefly in English with some Maori.</marc:subfield></marc:datafield><marc:datafield tag="600" ind1="1" ind2="0"><marc:subfield code="a">McPherson, Heather,</marc:subfield><marc:subfield code="d">1942-2017.</marc:subfield></marc:datafield><marc:datafield tag="650" ind1=" " ind2="0"><marc:subfield code="a">Poets</marc:subfield><marc:subfield code="z">New Zealand</marc:subfield><marc:subfield code="x">Biography.</marc:subfield></marc:datafield><marc:datafield tag="650" ind1=" " ind2="0"><marc:subfield code="a">Art, New Zealand</marc:subfield><marc:subfield code="y">21st century</marc:subfield><marc:subfield code="z">New Zealand</marc:subfield><marc:subfield code="z">Auckland</marc:subfield><marc:subfield code="v">Exhibitions.</marc:subfield></marc:datafield><marc:datafield tag="700" ind1="1" ind2=" "><marc:subfield code="a">McPherson, Heather,</marc:subfield><marc:subfield code="d">1942-2017,</marc:subfield><marc:subfield code="e">honouree.</marc:subfield></marc:datafield><marc:datafield tag="700" ind1="0" ind2=" "><marc:subfield code="a">Arekahānara,</marc:subfield><marc:subfield code="e">photographer (expression)</marc:subfield></marc:datafield><marc:datafield tag="700" ind1="1" ind2=" "><marc:subfield code="a">Martyn, Adrienne,</marc:subfield><marc:subfield code="d">1950-</marc:subfield><marc:subfield code="e">photographer (expression)</marc:subfield></marc:datafield><marc:datafield tag="710" ind1="2" ind2=" "><marc:subfield code="a">Mokopōpaki (Gallery),</marc:subfield><marc:subfield code="e">issuing body.</marc:subfield></marc:datafield><marc:datafield tag="830" ind1=" " ind2="0"><marc:subfield code="a">Mokopōpaki (Series);</marc:subfield><marc:subfield code="v">1 March -14 April 2018.</marc:subfield></marc:datafield><marc:datafield tag="901" ind1=" " ind2=" "><marc:subfield code="a">CZA</marc:subfield></marc:datafield><marc:datafield tag="942" ind1=" " ind2=" "><marc:subfield code="a">nznb 2020-02</marc:subfield></marc:datafield></marc:record>