
<marc:record><marc:leader>03410cam a2200493 i 4500</marc:leader>
<marc:controlfield tag="001">9918874468702836</marc:controlfield>
<marc:controlfield tag="005">20200703090257.0</marc:controlfield><marc:controlfield tag="008">191213t20202020nz a          000 0deng d</marc:controlfield><marc:datafield tag="020" ind1=" " ind2=" "><marc:subfield code="a">9780995123069</marc:subfield><marc:subfield code="q">hardback</marc:subfield></marc:datafield><marc:datafield tag="020" ind1=" " ind2=" "><marc:subfield code="a">0995123063</marc:subfield></marc:datafield><marc:datafield tag="035" ind1=" " ind2=" "><marc:subfield code="a">(OCoLC)1134518173</marc:subfield></marc:datafield><marc:datafield tag="040" ind1=" " ind2=" "><marc:subfield code="a">NZLEP</marc:subfield><marc:subfield code="b">eng</marc:subfield><marc:subfield code="c">NZLEP</marc:subfield><marc:subfield code="d">Nz</marc:subfield></marc:datafield><marc:datafield tag="041" ind1=" " ind2=" "><marc:subfield code="a">eng</marc:subfield><marc:subfield code="a">mao</marc:subfield></marc:datafield><marc:datafield tag="042" ind1=" " ind2=" "><marc:subfield code="a">nznb</marc:subfield></marc:datafield><marc:datafield tag="043" ind1=" " ind2=" "><marc:subfield code="a">u-nz---</marc:subfield></marc:datafield><marc:datafield tag="082" ind1="0" ind2="4"><marc:subfield code="a">598.54</marc:subfield><marc:subfield code="2">23</marc:subfield></marc:datafield><marc:datafield tag="245" ind1="0" ind2="3"><marc:subfield code="a">Te manu huna a Tāne /</marc:subfield><marc:subfield code="c">editor: Jenny Gillam ; co-editor: Eugene Hansen (Maniapoto) ; photographs: Jenny Gillam.</marc:subfield></marc:datafield><marc:datafield tag="264" ind1=" " ind2="1"><marc:subfield code="a">Auckland, New Zealand :</marc:subfield><marc:subfield code="b">Massey University Press,</marc:subfield><marc:subfield code="c">2020.</marc:subfield></marc:datafield><marc:datafield tag="264" ind1=" " ind2="4"><marc:subfield code="c">©2020</marc:subfield></marc:datafield><marc:datafield tag="300" ind1=" " ind2=" "><marc:subfield code="a">85 pages :</marc:subfield><marc:subfield code="b">illustrations (some colour) ;</marc:subfield><marc:subfield code="c">23 cm</marc:subfield></marc:datafield><marc:datafield tag="336" ind1=" " ind2=" "><marc:subfield code="a">text</marc:subfield><marc:subfield code="2">rdacontent</marc:subfield></marc:datafield><marc:datafield tag="336" ind1=" " ind2=" "><marc:subfield code="a">still image</marc:subfield><marc:subfield code="2">rdacontent</marc:subfield></marc:datafield><marc:datafield tag="337" ind1=" " ind2=" "><marc:subfield code="a">unmediated</marc:subfield><marc:subfield code="2">rdamedia</marc:subfield></marc:datafield><marc:datafield tag="338" ind1=" " ind2=" "><marc:subfield code="a">volume</marc:subfield><marc:subfield code="2">rdacarrier</marc:subfield></marc:datafield><marc:datafield tag="505" ind1="0" ind2=" "><marc:subfield code="a">Huruhuru manu / Raewyn Ormsby-Rihari, Tiwai Rihari-Rawiri -- Te kaitiaki o ngā tikanga toi raranga / Toi Te Rito Maihi -- Mahi tahi hei hoa tiriti / Rolien Elliot -- The Northland brown kiwi / Cinzia Vestena -- Into the void / Matariki Williams -- A mantle for our shoulders / Cassandra Barnett -- Te tūtakitanga a kāhu rāua kō kiwi / Hugh Rihari -- Pictured -- Contributors -- Translations --Glossary.</marc:subfield></marc:datafield><marc:datafield tag="520" ind1=" " ind2=" "><marc:subfield code="a">&quot;This special photobook documents a wānanga or class for three generations of women from Ngāti Torehina Ki Matakā to learn the customary practice of pelting North Island brown kiwi so their feathers can be used for weaving. This passing on of customary knowledge developed out of a partnership between conservationists and weavers that returned accidentally killed kiwi to the hapū or family of the rohe or district in which they were found. Weaving, perhaps the preeminent form of Māori women's cultural expression, was in serious decline in New Zealand until the 1950s, when a concerted effort was made by Māori women to preserve and maintain it and to highlight the need to protect vital natural resources. Formal training is now available through universities and polytechnics, but traditionally weaving has been taught within hapū, usually by a mother, aunt or grandmother honouring protocols and restrictions to maintain the integrity of the discipline. It offers a particular perspective on the contemporary hapū-led cultural practices of Māori women and their intersection of the sacred and profound in the everyday. It also brings a greater understanding of conservation efforts and, in particular, of how the Department of Conservation Te Papa Atawhai works closely with tangata whenua&quot;--Publisher's website.</marc:subfield></marc:datafield><marc:datafield tag="546" ind1=" " ind2=" "><marc:subfield code="a">In English, with some Māori.</marc:subfield></marc:datafield><marc:datafield tag="650" ind1=" " ind2="0"><marc:subfield code="a">North Island brown kiwi</marc:subfield><marc:subfield code="x">Carcasses</marc:subfield><marc:subfield code="x">Handling.</marc:subfield></marc:datafield><marc:datafield tag="650" ind1=" " ind2="0"><marc:subfield code="a">North Island brown kiwi.</marc:subfield></marc:datafield><marc:datafield tag="650" ind1=" " ind2="0"><marc:subfield code="a">Maori (New Zealand people)</marc:subfield><marc:subfield code="z">New Zealand</marc:subfield><marc:subfield code="z">Northland</marc:subfield><marc:subfield code="x">Social life and customs.</marc:subfield></marc:datafield><marc:datafield tag="650" ind1=" " ind2="0"><marc:subfield code="a">Maori (New Zealand people)</marc:subfield><marc:subfield code="z">New Zealand</marc:subfield><marc:subfield code="z">Northland</marc:subfield><marc:subfield code="x">Rites and cerremonies.</marc:subfield></marc:datafield><marc:datafield tag="650" ind1=" " ind2="0"><marc:subfield code="a">Hand weaving</marc:subfield><marc:subfield code="z">New Zealand</marc:subfield><marc:subfield code="z">Northland.</marc:subfield></marc:datafield><marc:datafield tag="650" ind1=" " ind2="0"><marc:subfield code="a">Decorative arts, Maori</marc:subfield><marc:subfield code="z">New Zealand</marc:subfield><marc:subfield code="z">Northland.</marc:subfield></marc:datafield><marc:datafield tag="650" ind1=" " ind2="7"><marc:subfield code="a">Kiwi.</marc:subfield><marc:subfield code="2">reo</marc:subfield></marc:datafield><marc:datafield tag="650" ind1=" " ind2="7"><marc:subfield code="a">Kahu kiwi.</marc:subfield><marc:subfield code="2">reo</marc:subfield></marc:datafield><marc:datafield tag="650" ind1=" " ind2="7"><marc:subfield code="a">Wānanga.</marc:subfield><marc:subfield code="2">reo</marc:subfield></marc:datafield><marc:datafield tag="650" ind1=" " ind2="7"><marc:subfield code="a">Whatu kākahu.</marc:subfield><marc:subfield code="2">reo</marc:subfield></marc:datafield><marc:datafield tag="650" ind1=" " ind2="7"><marc:subfield code="a">Raranga.</marc:subfield><marc:subfield code="2">reo</marc:subfield></marc:datafield><marc:datafield tag="650" ind1=" " ind2="7"><marc:subfield code="a">Tikanga.</marc:subfield><marc:subfield code="2">reo</marc:subfield></marc:datafield><marc:datafield tag="700" ind1="1" ind2=" "><marc:subfield code="a">Gillam, Jenny,</marc:subfield><marc:subfield code="d">1967-</marc:subfield><marc:subfield code="e">editor,</marc:subfield><marc:subfield code="e">photographer (expression)</marc:subfield></marc:datafield><marc:datafield tag="700" ind1="1" ind2=" "><marc:subfield code="a">Hansen, Eugene,</marc:subfield><marc:subfield code="e">editor.</marc:subfield></marc:datafield><marc:datafield tag="901" ind1=" " ind2=" "><marc:subfield code="a">SVV</marc:subfield></marc:datafield><marc:datafield tag="921" ind1=" " ind2=" "><marc:subfield code="a">Senior secondary</marc:subfield></marc:datafield><marc:datafield tag="942" ind1=" " ind2=" "><marc:subfield code="a">nznb 2020-06</marc:subfield></marc:datafield></marc:record>