
<marc:record><marc:leader>03229cam a2200481 i 4500</marc:leader>
<marc:controlfield tag="001">9918924171202836</marc:controlfield>
<marc:controlfield tag="005">20200826144329.0</marc:controlfield><marc:controlfield tag="008">160613s2020    nz a   j      00| 1 eng  </marc:controlfield><marc:datafield tag="020" ind1=" " ind2=" "><marc:subfield code="a">9780473511401</marc:subfield><marc:subfield code="q">paperback</marc:subfield></marc:datafield><marc:datafield tag="035" ind1=" " ind2=" "><marc:subfield code="a">(OCoLC)1182632798</marc:subfield></marc:datafield><marc:datafield tag="040" ind1=" " ind2=" "><marc:subfield code="a">Nz</marc:subfield><marc:subfield code="b">eng</marc:subfield><marc:subfield code="e">rda</marc:subfield><marc:subfield code="c">Nz</marc:subfield></marc:datafield><marc:datafield tag="041" ind1=" " ind2=" "><marc:subfield code="a">eng</marc:subfield><marc:subfield code="a">mao</marc:subfield></marc:datafield><marc:datafield tag="042" ind1=" " ind2=" "><marc:subfield code="a">nznb</marc:subfield></marc:datafield><marc:datafield tag="082" ind1="0" ind2="4"><marc:subfield code="a">NZ820.809282</marc:subfield><marc:subfield code="2">23</marc:subfield></marc:datafield><marc:datafield tag="245" ind1="0" ind2="0"><marc:subfield code="a">Tūmanako =</marc:subfield><marc:subfield code="b">Hope /</marc:subfield><marc:subfield code="c">by the tamariki of Hokianga ; selected and edited by Tohunga Riwai &amp; Janine McVeagh ; editor Te Reo Māori Xena Tautari ; design and layout Rhys Evans.</marc:subfield></marc:datafield><marc:datafield tag="246" ind1="1" ind2="1"><marc:subfield code="a">Hope</marc:subfield></marc:datafield><marc:datafield tag="264" ind1=" " ind2="1"><marc:subfield code="a">[Rawene] :</marc:subfield><marc:subfield code="b">Hokianga Publishers,</marc:subfield><marc:subfield code="c">2020.</marc:subfield></marc:datafield><marc:datafield tag="300" ind1=" " ind2=" "><marc:subfield code="a">47 pages :</marc:subfield><marc:subfield code="b">colour illustrations ;</marc:subfield><marc:subfield code="c">15 x 22 cm</marc:subfield></marc:datafield><marc:datafield tag="336" ind1=" " ind2=" "><marc:subfield code="a">text</marc:subfield><marc:subfield code="2">rdacontent</marc:subfield></marc:datafield><marc:datafield tag="336" ind1=" " ind2=" "><marc:subfield code="a">still image</marc:subfield><marc:subfield code="2">rdacontent</marc:subfield></marc:datafield><marc:datafield tag="337" ind1=" " ind2=" "><marc:subfield code="a">unmediated</marc:subfield><marc:subfield code="2">rdamedia</marc:subfield></marc:datafield><marc:datafield tag="338" ind1=" " ind2=" "><marc:subfield code="a">volume</marc:subfield><marc:subfield code="2">rdacarrier</marc:subfield></marc:datafield><marc:datafield tag="505" ind1="0" ind2=" "><marc:subfield code="a">Machine-generated contents note. Introduction / Tohunga Riwai -- Au Warawara / Komene Te Tai -- Hokianga Harbour / Mariona -- The Fish of Hokianga Harbour / Taumeri Karanga -- Where I Belong / Sara Boyle -- The Sad Sea Turtle / Lincoln Lane -- Magic Ocean / Te Kura Takiwa o Opononi -- Tuia  Roadshow / Gaia Haddon -- Dolphins / Payd Tusa -- Dirty Ocean / Piper Wide -- Tangaroa / Scarlett Wright/Naera -- Hinemoana / Willow Filia -- Ko Tū Kapua / Jahneiro Korewha -- Tama-Nui-Te-Ra / Raniera -- Hine-Tū-Pari-Maunga / Ngareta Riwhi -- Condensation / Raniera -- Te Whakaeto / Te Kura o Ōmanaia -- Precipitation / Sky Moka -- Te Tukuwai / Nicky/Lee -- Tama-Nui-Te-Rā / Willow Filia -- Te Hangi / Ōmanaia School -- Solution to Pollution / Jalene Dunn -- Haka / Te Kura Takiwa o Opononi -- Water Rising / Alex Gamman -- Swimming, Swimming, Swimming / Wati Waiomio -- In My Holidays / Chevrolet Waiomio -- Father's Day / Dalton Marsh -- Te Mahi Hangarua / Tevita Fifita -- Kids Can / Stevie -- Hope / Sinead Wesley -- Water Cycle / Willow Filia -- Au Warawara / Komene Te Tai -- Stevie Wijohn -- Kahu McVeagh -- Siena -- Jahkaya Mahihera -- Ida -- Kingston Manihera -- Hinemoana / Willow Filia -- Ko Tū Kapua / Jahneiro Korewha -- Tama-Nui-Te-Rā / Raniera -- Hine-Tū-Pari-Maunga / Ngareta Riwhi -- Ātahikoia -- Xavier Bryers -- Tama-Nui-Te-Rā / Willow -- Te Hangi / Ōmanaia School -- Bernice Paparoa -- Tevita Fifita -- Christina Eramiha / Waru -- Leila -- Seth Alexander -- Ngareta Riwhi.</marc:subfield></marc:datafield><marc:datafield tag="520" ind1=" " ind2=" "><marc:subfield code="a">&quot;A collection of writing and imagery in a changing world by tamariki of Hokianga-nui-a-Kupe&quot;--Back cover.</marc:subfield></marc:datafield><marc:datafield tag="546" ind1=" " ind2=" "><marc:subfield code="a">In English and Māori.</marc:subfield></marc:datafield><marc:datafield tag="650" ind1=" " ind2="0"><marc:subfield code="a">Children's stories, New Zealand.</marc:subfield></marc:datafield><marc:datafield tag="650" ind1=" " ind2="0"><marc:subfield code="a">Children's poetry, New Zealand.</marc:subfield></marc:datafield><marc:datafield tag="650" ind1=" " ind2="0"><marc:subfield code="a">Children's writings, New Zealand.</marc:subfield></marc:datafield><marc:datafield tag="650" ind1=" " ind2="7"><marc:subfield code="a">Tuhinga nā te hunga tamariki.</marc:subfield><marc:subfield code="2">reo</marc:subfield></marc:datafield><marc:datafield tag="650" ind1=" " ind2="7"><marc:subfield code="a">Kōrero paki mā ngā tamariki.</marc:subfield><marc:subfield code="2">reo</marc:subfield></marc:datafield><marc:datafield tag="650" ind1=" " ind2="7"><marc:subfield code="a">Whakaahua.</marc:subfield><marc:subfield code="2">reo</marc:subfield></marc:datafield><marc:datafield tag="650" ind1=" " ind2="7"><marc:subfield code="a">Tuhinga auaha.</marc:subfield><marc:subfield code="2">reo</marc:subfield></marc:datafield><marc:datafield tag="650" ind1=" " ind2="7"><marc:subfield code="a">Pakiwaitara.</marc:subfield><marc:subfield code="2">reo</marc:subfield></marc:datafield><marc:datafield tag="650" ind1=" " ind2="0"><marc:subfield code="a">Short stories.</marc:subfield></marc:datafield><marc:datafield tag="655" ind1=" " ind2="7"><marc:subfield code="a">Children's stories, Māori.</marc:subfield><marc:subfield code="2">local</marc:subfield><marc:subfield code="5">Nz</marc:subfield></marc:datafield><marc:datafield tag="655" ind1=" " ind2="7"><marc:subfield code="a">Children's stories, New Zealand.</marc:subfield><marc:subfield code="2">local</marc:subfield><marc:subfield code="5">Nz</marc:subfield></marc:datafield><marc:datafield tag="655" ind1=" " ind2="7"><marc:subfield code="a">Short stories, New Zealand.</marc:subfield><marc:subfield code="2">local</marc:subfield><marc:subfield code="5">Nz</marc:subfield></marc:datafield><marc:datafield tag="700" ind1="1" ind2=" "><marc:subfield code="a">Riwai, Tohunga,</marc:subfield><marc:subfield code="e">editor.</marc:subfield></marc:datafield><marc:datafield tag="700" ind1="1" ind2=" "><marc:subfield code="a">McVeagh, Janine,</marc:subfield><marc:subfield code="d">1946-</marc:subfield><marc:subfield code="e">editor.</marc:subfield></marc:datafield><marc:datafield tag="700" ind1="1" ind2=" "><marc:subfield code="a">Tautari, Xena,</marc:subfield><marc:subfield code="e">editor.</marc:subfield></marc:datafield><marc:datafield tag="901" ind1=" " ind2=" "><marc:subfield code="a">HSL</marc:subfield></marc:datafield><marc:datafield tag="921" ind1=" " ind2=" "><marc:subfield code="a">Primary</marc:subfield></marc:datafield><marc:datafield tag="942" ind1=" " ind2=" "><marc:subfield code="a">nznb 2020-08</marc:subfield></marc:datafield></marc:record>