
<marc:record><marc:leader>04564cam a2200385 i 4500</marc:leader>
<marc:controlfield tag="001">9918932871802836</marc:controlfield>
<marc:controlfield tag="005">20200507151604.0</marc:controlfield><marc:controlfield tag="006">m|||||o||d||||||||</marc:controlfield><marc:controlfield tag="007">cr#|||||||||||</marc:controlfield><marc:controlfield tag="008">130617s2019    nz a    ob    00| 0 eng  </marc:controlfield><marc:datafield tag="035" ind1=" " ind2=" "><marc:subfield code="a">(OCoLC)1153664977</marc:subfield></marc:datafield><marc:datafield tag="040" ind1=" " ind2=" "><marc:subfield code="a">Nz</marc:subfield><marc:subfield code="b">eng</marc:subfield><marc:subfield code="e">rda</marc:subfield><marc:subfield code="c">Nz</marc:subfield></marc:datafield><marc:datafield tag="041" ind1=" " ind2=" "><marc:subfield code="a">eng</marc:subfield><marc:subfield code="a">mao</marc:subfield></marc:datafield><marc:datafield tag="042" ind1=" " ind2=" "><marc:subfield code="a">nznb</marc:subfield></marc:datafield><marc:datafield tag="043" ind1=" " ind2=" "><marc:subfield code="a">u-nz---</marc:subfield></marc:datafield><marc:datafield tag="245" ind1="0" ind2="0"><marc:subfield code="a">Children's rights in Aotearoa New Zealand :</marc:subfield><marc:subfield code="b">reflections on the 30th anniversary of the Convention on the Rights of the Child.</marc:subfield></marc:datafield><marc:datafield tag="264" ind1=" " ind2="1"><marc:subfield code="a">[Wellington, New Zealand] :</marc:subfield><marc:subfield code="b">[The Law Foundation],</marc:subfield><marc:subfield code="c">[2019]</marc:subfield></marc:datafield><marc:datafield tag="300" ind1=" " ind2=" "><marc:subfield code="a">1 online resource :</marc:subfield><marc:subfield code="b">colour illustrations</marc:subfield></marc:datafield><marc:datafield tag="336" ind1=" " ind2=" "><marc:subfield code="a">text</marc:subfield><marc:subfield code="2">rdacontent</marc:subfield></marc:datafield><marc:datafield tag="337" ind1=" " ind2=" "><marc:subfield code="a">computer</marc:subfield><marc:subfield code="2">rdamedia</marc:subfield></marc:datafield><marc:datafield tag="338" ind1=" " ind2=" "><marc:subfield code="a">online resource</marc:subfield><marc:subfield code="2">rdacarrier</marc:subfield></marc:datafield><marc:datafield tag="347" ind1=" " ind2=" "><marc:subfield code="3">National Library of New Zealand archived copy</marc:subfield><marc:subfield code="a">text file</marc:subfield><marc:subfield code="b">PDF</marc:subfield></marc:datafield><marc:datafield tag="500" ind1=" " ind2=" "><marc:subfield code="a">Archived by the National Library of New Zealand in PDF.</marc:subfield><marc:subfield code="5">Nz</marc:subfield></marc:datafield><marc:datafield tag="500" ind1=" " ind2=" "><marc:subfield code="a">Hypertext links contained in the archived instances of this title may not be functional.</marc:subfield><marc:subfield code="5">Nz</marc:subfield></marc:datafield><marc:datafield tag="500" ind1=" " ind2=" "><marc:subfield code="a">&quot;This collection brings together a series of reflections on the rights of children/tamariki on the occasion of the 30th anniversary of the United Nations Convention on the Rights of the Child. These reflections arose out of a symposium held in Wellington in August 2019&quot;--Page 3.</marc:subfield></marc:datafield><marc:datafield tag="504" ind1=" " ind2=" "><marc:subfield code="a">Includes bibliographical references.</marc:subfield></marc:datafield><marc:datafield tag="505" ind1="0" ind2=" "><marc:subfield code="a">Children’s Rights and the Family Justice System - the Korowai as a New Motif / Bill Atkin -- &quot;Troubling the hegemony of the norm&quot; - learning from disabled children’s rights to uphold the rights of all children / Andrea Jamison -- When it’s about me, make sure to include me: The importance of the voice of the child in professional settings / Jazz Robson -- The Language of Children’s Rights: Impact on children in conflict with the law / Dr. Faith Gordon -- Strengthening advocacy using the Convention on the Rights of the Child as a guiding framework to advance the issue of ending the physical punishment of children / Jacqui Southey -- Using the International Children’s Rights Framework in Research / Nicola Taylor -- Reflections on the Children’s Rights Symposium / Tony Fitzgerald -- Learning to swim confidently in a river of words / Sally Kedge -- Interesting, intense, inspiring: Reflections from the symposium / Laura Lundy -- Centring indigenous children’s rights - the problem with universalism / Luke Fitzmaurice (Te Aupōuri) -- The Origins of Children’s Rights - A Pathway to Participation / Maria Dacre -- A time for change?  Te Tiriti o Waitangi and the Children’s Convention - the intersection of children’s culture and rights / Sarah Morris, Kelsey Brown and Judge Andrew Becroft -- Oranga Tamariki reforms: can law be implemented where understanding is lacking? / Alison Cleland -- Children’s rights in contemporary Aotearoa New Zealand / Alayne McKee CF -- Reflections on the Children’s Rights Symposium / Deb Inder -- The ‘best interests’ of the child and the ‘micropractices’ of schooling / John O'Neill -- Why is it so difficult to uphold Children’s Rights in their own education? / Roseanna Bourke -- The Convention at 30 / Bruce Adamson -- Children’s participation in medical decisions: The United Nations Convention of the Child and beyond / Dr Fiona Miller -- A child is a child no matter how big / Ashley Shearar -- All Children, All Rights, In All Circumstances / Ursula Kilkelly -- Upholding the rights of children in care - what needs to change to make children’s rights real? / Kiri Milne -- Children's views and the Family Court / Mark Henaghan -- The time to deliver on the promise of the Children’s Convention is now / Dr. Claire Achmad -- Convention on the Rights of the Child -- He Whakaaetanga Whakatau i te Mana o te Tamaiti a te Whakakotahitanga o ngā Whenua o te Ao.</marc:subfield></marc:datafield><marc:datafield tag="546" ind1=" " ind2=" "><marc:subfield code="a">In English, includes a translation of the Convention on the Rights of the Child in Te Reo Māori.</marc:subfield></marc:datafield><marc:datafield tag="630" ind1="0" ind2="0"><marc:subfield code="a">Convention on the Rights of the Child</marc:subfield><marc:subfield code="d">(1989 November 20)</marc:subfield></marc:datafield><marc:datafield tag="650" ind1=" " ind2="0"><marc:subfield code="a">Children's rights</marc:subfield><marc:subfield code="z">New Zealand.</marc:subfield></marc:datafield><marc:datafield tag="710" ind1="2" ind2=" "><marc:subfield code="a">New Zealand Law Foundation,</marc:subfield><marc:subfield code="e">issuing body.</marc:subfield></marc:datafield><marc:datafield tag="856" ind1="4" ind2="0"><marc:subfield code="u">https://www.lawfoundation.org.nz/wp-content/uploads/2019/12/2018_45_31-Childrens-Rights-Symposium_Reflections_Online-Version_rcvd-17.12.2019.pdf</marc:subfield></marc:datafield><marc:datafield tag="856" ind1="4" ind2="0"><marc:subfield code="u">https://natlib-primo.hosted.exlibrisgroup.com/primo-explore/fulldisplay?docid=NLNZ_ALMA11342742510002836&amp;context=L&amp;vid=NLNZ&amp;search_scope=NLNZ&amp;tab=catalogue&amp;lang=en_US</marc:subfield><marc:subfield code="z">Archived copy available at the National Library of New Zealand</marc:subfield><marc:subfield code="x">Open Access</marc:subfield></marc:datafield><marc:datafield tag="901" ind1=" " ind2=" "><marc:subfield code="a">RRO</marc:subfield></marc:datafield><marc:datafield tag="942" ind1=" " ind2=" "><marc:subfield code="a">nznb 2020-05</marc:subfield></marc:datafield></marc:record>