
<marc:record><marc:leader>03923cam a2200433 i 4500</marc:leader>
<marc:controlfield tag="001">9918940068902836</marc:controlfield>
<marc:controlfield tag="005">20210224115025.0</marc:controlfield><marc:controlfield tag="008">160613s2020    nz a     b    00| 0 eng  </marc:controlfield><marc:datafield tag="020" ind1=" " ind2=" "><marc:subfield code="a">9780473516192</marc:subfield><marc:subfield code="q">paperback</marc:subfield></marc:datafield><marc:datafield tag="035" ind1=" " ind2=" "><marc:subfield code="a">(OCoLC)1162219778</marc:subfield></marc:datafield><marc:datafield tag="040" ind1=" " ind2=" "><marc:subfield code="a">Nz</marc:subfield><marc:subfield code="b">eng</marc:subfield><marc:subfield code="e">rda</marc:subfield><marc:subfield code="c">Nz</marc:subfield></marc:datafield><marc:datafield tag="041" ind1=" " ind2=" "><marc:subfield code="a">eng</marc:subfield><marc:subfield code="a">mao</marc:subfield></marc:datafield><marc:datafield tag="042" ind1=" " ind2=" "><marc:subfield code="a">nznb</marc:subfield></marc:datafield><marc:datafield tag="043" ind1=" " ind2=" "><marc:subfield code="a">u-nz---</marc:subfield></marc:datafield><marc:datafield tag="082" ind1="0" ind2="4"><marc:subfield code="a">631.4510993</marc:subfield><marc:subfield code="2">23</marc:subfield></marc:datafield><marc:datafield tag="245" ind1="0" ind2="3"><marc:subfield code="a">Te Mahi Oneone Hua Parakore =</marc:subfield><marc:subfield code="b">a Māori soil sovereignty and wellbeing handbook /</marc:subfield><marc:subfield code="c">edited by Jessica Hutchings and Jo Smith.</marc:subfield></marc:datafield><marc:datafield tag="264" ind1=" " ind2="1"><marc:subfield code="a">Christchurch, New Zealand :</marc:subfield><marc:subfield code="b">Harvest: Fresh Scholarship from the Field,</marc:subfield><marc:subfield code="c">2020.</marc:subfield></marc:datafield><marc:datafield tag="300" ind1=" " ind2=" "><marc:subfield code="a">187 pages :</marc:subfield><marc:subfield code="b">colour illustrations ;</marc:subfield><marc:subfield code="c">25 cm</marc:subfield></marc:datafield><marc:datafield tag="336" ind1=" " ind2=" "><marc:subfield code="a">text</marc:subfield><marc:subfield code="2">rdacontent</marc:subfield></marc:datafield><marc:datafield tag="337" ind1=" " ind2=" "><marc:subfield code="a">unmediated</marc:subfield><marc:subfield code="2">rdamedia</marc:subfield></marc:datafield><marc:datafield tag="338" ind1=" " ind2=" "><marc:subfield code="a">volume</marc:subfield><marc:subfield code="2">rdacarrier</marc:subfield></marc:datafield><marc:datafield tag="500" ind1=" " ind2=" "><marc:subfield code="a">Harvest: Fresh Scholarship from the Field is a Freerange Press imprint.</marc:subfield></marc:datafield><marc:datafield tag="505" ind1="0" ind2=" "><marc:subfield code="a">He Mihi -- Intorduction-- -Part One: Frameworks for understanding Te Mahi Oneone Hu Pakrakore -- Chapter One: Building a Rauemi Hua Parakore for Understanding Soil Health and Wellbeing / By Jessica Hutchings and Jo Smith -- Chapter Two: Oneone Ora, Tangata Ora: Soils and Māori Health and Wellbeing / By Garth Harmsworth -- -- Chapter Three: Māori Soil Sovereignty: Advocating for the Rights of Our Ancestral Soils / By Jessica Hutchings -- -- Chapter Four: Nāku Koe i Whāngai (It was I that brought you up) / By Nick Roskruge -- Part two: Oneone Ora, Tangata Ora: Māori soil heroes -- Chapter Five: A Vision for Soil and Food-Growing with Maanu Paul / By Kiri Reihana Spraggs -- Chapter Six: Ngāhuia Lena: Kaitiaki of Moroiti / By Teina Boasa-Dean and Ruth Nesi Bryce-Hare -- Chapter Seven: Te Wharekura o Maniapoto: Kura ā-Iwi – Educating the Community / By Yvonne Taura -- Chapter Eight: Ruia Ngā Purapura: Sowing the Seeds / By Antoine Coffin -- Chapter Nine: Whare Uku: Living in a Home Made of Papatūānuku / By Helen Potter -- Chapter Ten: Wellbeing Through Homeopathy / By Jo Smith -- Chapter Eleven: Pounamu Among the Rocks: Papatūānuku Kōkiri Marae / By Jo Smith -- Chapter Twelve: Tātai Tangata ki te Whenua / By Kiri Reihana Spraggs -- Chapter Thirteen: Ko te Kai he Rongoā, ko te Rongoā he Kai: A Kōrero About Kai, Motherhood, Soil and Wellbeing / By Gretta Carney with Jo Smith.</marc:subfield></marc:datafield><marc:datafield tag="504" ind1=" " ind2=" "><marc:subfield code="a">Includes bibliographical references.</marc:subfield></marc:datafield><marc:datafield tag="546" ind1=" " ind2=" "><marc:subfield code="a">In English with some Māori.</marc:subfield></marc:datafield><marc:datafield tag="520" ind1=" " ind2=" "><marc:subfield code="a">&quot;Soil health and security are key components of our wellbeing. Even so, soil is faced with many environmental challenges under the current iteration of capitalism. A paradigm shift is needed to encourage care for this resource. In te ao Māori, soil is taonga. It is also whanaunga – it holds ancestral connections and is the root of tūrangawaewae and whakapapa. It is the source of shelter, kai and manaakitanga.Te Mahi Oneone Hua Parakore: A Māori Soil Sovereignty and Wellbeing Handbook shines a light on Māori relationships with soil, as well as the connections between soil and food security, and frames these links within the wider discourse of tino rangatiratanga from a variety of Māori perspectives. Through a range of essays, profiles and recipes, it seeks to promote wellbeing and elevate the mana of the soil by drawing on the hua parakore Māori organics framework as a means for understanding these wide-ranging, diverse and interwoven relationships with soil&quot;--Provided by publisher</marc:subfield></marc:datafield><marc:datafield tag="650" ind1=" " ind2="7"><marc:subfield code="a">Ahu whenua.</marc:subfield><marc:subfield code="2">reo</marc:subfield></marc:datafield><marc:datafield tag="650" ind1=" " ind2="7"><marc:subfield code="a">Whanake taiao.</marc:subfield><marc:subfield code="2">reo</marc:subfield></marc:datafield><marc:datafield tag="650" ind1=" " ind2="7"><marc:subfield code="a">Tino rangatiratanga.</marc:subfield><marc:subfield code="2">reo</marc:subfield></marc:datafield><marc:datafield tag="650" ind1=" " ind2="7"><marc:subfield code="a">Papatūānuku.</marc:subfield><marc:subfield code="2">reo</marc:subfield></marc:datafield><marc:datafield tag="650" ind1=" " ind2="7"><marc:subfield code="a">Rongomatāne.</marc:subfield><marc:subfield code="2">reo</marc:subfield></marc:datafield><marc:datafield tag="650" ind1=" " ind2="7"><marc:subfield code="a">Mana whenua.</marc:subfield><marc:subfield code="2">reo</marc:subfield></marc:datafield><marc:datafield tag="650" ind1=" " ind2="7"><marc:subfield code="a">Kaitiakitanga.</marc:subfield><marc:subfield code="2">reo</marc:subfield></marc:datafield><marc:datafield tag="650" ind1=" " ind2="0"><marc:subfield code="a">Soil conservation</marc:subfield><marc:subfield code="v">New Zealand.</marc:subfield></marc:datafield><marc:datafield tag="650" ind1=" " ind2="0"><marc:subfield code="a">Maori (New Zealand people)</marc:subfield><marc:subfield code="x">Social life and customs.</marc:subfield></marc:datafield><marc:datafield tag="700" ind1="1" ind2=" "><marc:subfield code="a">Hutchings, Jessica,</marc:subfield><marc:subfield code="d">1972-</marc:subfield><marc:subfield code="e">editor of compilation.</marc:subfield></marc:datafield><marc:datafield tag="700" ind1="1" ind2=" "><marc:subfield code="a">Smith, Jo,</marc:subfield><marc:subfield code="d">1967-</marc:subfield><marc:subfield code="e">editor of compilation.</marc:subfield></marc:datafield><marc:datafield tag="901" ind1=" " ind2=" "><marc:subfield code="a">DMA</marc:subfield></marc:datafield><marc:datafield tag="942" ind1=" " ind2=" "><marc:subfield code="a">nznb 2021-02</marc:subfield></marc:datafield></marc:record>