
<marc:record><marc:leader>02715cam a2200649 i 4500</marc:leader>
<marc:controlfield tag="001">9918944767302836</marc:controlfield>
<marc:controlfield tag="005">20210624172759.0</marc:controlfield><marc:controlfield tag="006">jsgn|j      d||   </marc:controlfield><marc:controlfield tag="007">sd#fsngnnmmned</marc:controlfield><marc:controlfield tag="008">160613t20202020nz a   j      00| 0 mao  </marc:controlfield><marc:datafield tag="020" ind1=" " ind2=" "><marc:subfield code="a">9780995126473</marc:subfield><marc:subfield code="q">paperback</marc:subfield></marc:datafield><marc:datafield tag="035" ind1=" " ind2=" "><marc:subfield code="a">(OCoLC)1162752030</marc:subfield></marc:datafield><marc:datafield tag="040" ind1=" " ind2=" "><marc:subfield code="a">Nz</marc:subfield><marc:subfield code="b">eng</marc:subfield><marc:subfield code="e">rda</marc:subfield><marc:subfield code="c">Nz</marc:subfield></marc:datafield><marc:datafield tag="041" ind1="1" ind2=" "><marc:subfield code="a">mao</marc:subfield><marc:subfield code="a">eng</marc:subfield><marc:subfield code="d">mao</marc:subfield><marc:subfield code="h">eng</marc:subfield></marc:datafield><marc:datafield tag="042" ind1=" " ind2=" "><marc:subfield code="a">nznb</marc:subfield></marc:datafield><marc:datafield tag="082" ind1="0" ind2="4"><marc:subfield code="a">782.42083</marc:subfield><marc:subfield code="2">23</marc:subfield></marc:datafield><marc:datafield tag="100" ind1="1" ind2=" "><marc:subfield code="a">Holt, Sharon</marc:subfield><marc:subfield code="e">author,</marc:subfield><marc:subfield code="e">lyricist.</marc:subfield></marc:datafield><marc:datafield tag="245" ind1="1" ind2="3"><marc:subfield code="a">Te haerenga /</marc:subfield><marc:subfield code="c">written by Sharon Holt ; illustrated by Stephanie Thatcher.</marc:subfield></marc:datafield><marc:datafield tag="264" ind1=" " ind2="1"><marc:subfield code="a">Manukau, Auckland, New Zealand :</marc:subfield><marc:subfield code="b">EduMaxi Ltd.,</marc:subfield><marc:subfield code="c">2020.</marc:subfield></marc:datafield><marc:datafield tag="264" ind1=" " ind2="4"><marc:subfield code="c">©2020</marc:subfield></marc:datafield><marc:datafield tag="300" ind1=" " ind2=" "><marc:subfield code="a">1 volume (unpaged) :</marc:subfield><marc:subfield code="b">colour illustrations ;</marc:subfield><marc:subfield code="c">21 x 30 cm.</marc:subfield></marc:datafield><marc:datafield tag="300" ind1=" " ind2=" "><marc:subfield code="a">1 CD ;</marc:subfield><marc:subfield code="c">12 cm.</marc:subfield></marc:datafield><marc:datafield tag="336" ind1=" " ind2=" "><marc:subfield code="a">text</marc:subfield><marc:subfield code="2">rdacontent</marc:subfield></marc:datafield><marc:datafield tag="336" ind1=" " ind2=" "><marc:subfield code="a">still image</marc:subfield><marc:subfield code="2">rdacontent</marc:subfield></marc:datafield><marc:datafield tag="336" ind1=" " ind2=" "><marc:subfield code="a">performed music</marc:subfield><marc:subfield code="2">rdacontent</marc:subfield></marc:datafield><marc:datafield tag="337" ind1=" " ind2=" "><marc:subfield code="a">unmediated</marc:subfield><marc:subfield code="2">rdamedia</marc:subfield></marc:datafield><marc:datafield tag="337" ind1=" " ind2=" "><marc:subfield code="a">audio</marc:subfield><marc:subfield code="2">rdamedia</marc:subfield></marc:datafield><marc:datafield tag="338" ind1=" " ind2=" "><marc:subfield code="a">volume</marc:subfield><marc:subfield code="2">rdacarrier</marc:subfield></marc:datafield><marc:datafield tag="338" ind1=" " ind2=" "><marc:subfield code="a">audio disc</marc:subfield><marc:subfield code="2">rdacarrier</marc:subfield></marc:datafield><marc:datafield tag="344" ind1=" " ind2=" "><marc:subfield code="a">digital</marc:subfield><marc:subfield code="2">rda</marc:subfield></marc:datafield><marc:datafield tag="490" ind1="1" ind2=" "><marc:subfield code="a">Te reo singalong book. Picture song book</marc:subfield></marc:datafield><marc:datafield tag="500" ind1=" " ind2=" "><marc:subfield code="a">Song lyrics in picture book format and a performed version of the song on CD.</marc:subfield></marc:datafield><marc:datafield tag="500" ind1=" " ind2=" "><marc:subfield code="a">&quot;This series links to the following Ministry of Education documents: Te  Whāriki, Early Childhood Curriculum, Te Aho Arataki Marau, Curriculum Guidelines for teaching and learning Te Reo Māori in English-medium schools, years 1-13&quot;--Back cover.</marc:subfield></marc:datafield><marc:datafield tag="508" ind1=" " ind2=" "><marc:subfield code="a">Music composed by Greg Holt.</marc:subfield></marc:datafield><marc:datafield tag="511" ind1="1" ind2=" "><marc:subfield code="a">Vocals by Stacy Walker and Caleb Driver, guitar by Caleb Driver.</marc:subfield></marc:datafield><marc:datafield tag="518" ind1=" " ind2=" "><marc:subfield code="a">Recorded, mixed and mastered by Caleb Driver at Vision College Studio, Hamilton.</marc:subfield></marc:datafield><marc:datafield tag="520" ind1=" " ind2=" "><marc:subfield code="a">A song about travel around New Zealand, with an emphasis on pronouncing Māori place names correctly.</marc:subfield></marc:datafield><marc:datafield tag="546" ind1=" " ind2=" "><marc:subfield code="a">Song in Māori with English translation and notes in English.</marc:subfield></marc:datafield><marc:datafield tag="586" ind1=" " ind2=" "><marc:subfield code="a">Winner, CLNZ Educational Publishing Awards, 2015.</marc:subfield></marc:datafield><marc:datafield tag="586" ind1=" " ind2=" "><marc:subfield code="a">Winner, Māori Language Awards, 2013.</marc:subfield></marc:datafield><marc:datafield tag="650" ind1=" " ind2="0"><marc:subfield code="a">Children's songs, Maori</marc:subfield><marc:subfield code="v">Texts.</marc:subfield></marc:datafield><marc:datafield tag="650" ind1=" " ind2="0"><marc:subfield code="a">Children's songs, Maori</marc:subfield><marc:subfield code="v">Juvenile sound recordings.</marc:subfield></marc:datafield><marc:datafield tag="650" ind1=" " ind2="7"><marc:subfield code="a">Haerenga.</marc:subfield><marc:subfield code="2">reo</marc:subfield></marc:datafield><marc:datafield tag="650" ind1=" " ind2="7"><marc:subfield code="a">Pukapuka whakaahua.</marc:subfield><marc:subfield code="2">reo</marc:subfield></marc:datafield><marc:datafield tag="650" ind1=" " ind2="7"><marc:subfield code="a">Waiata tamariki.</marc:subfield><marc:subfield code="2">reo</marc:subfield></marc:datafield><marc:datafield tag="650" ind1=" " ind2="7"><marc:subfield code="a">Hopu reo.</marc:subfield><marc:subfield code="2">reo</marc:subfield></marc:datafield><marc:datafield tag="651" ind1=" " ind2="0"><marc:subfield code="a">New Zealand</marc:subfield><marc:subfield code="x">Description and travel</marc:subfield><marc:subfield code="v">Songs and music</marc:subfield><marc:subfield code="v">Texts.</marc:subfield></marc:datafield><marc:datafield tag="655" ind1=" " ind2="0"><marc:subfield code="a">Picture books for children.</marc:subfield></marc:datafield><marc:datafield tag="655" ind1=" " ind2="7"><marc:subfield code="a">Children's songs, New Zealand</marc:subfield><marc:subfield code="2">local</marc:subfield><marc:subfield code="5">Nz</marc:subfield></marc:datafield><marc:datafield tag="700" ind1="1" ind2=" "><marc:subfield code="a">Thatcher, Stephanie,</marc:subfield><marc:subfield code="d">1972-</marc:subfield><marc:subfield code="e">illustrator.</marc:subfield></marc:datafield><marc:datafield tag="700" ind1="1" ind2=" "><marc:subfield code="a">Holt, Greg,</marc:subfield><marc:subfield code="e">arranger of music.</marc:subfield></marc:datafield><marc:datafield tag="700" ind1="1" ind2=" "><marc:subfield code="a">Walker, Stacy,</marc:subfield><marc:subfield code="e">performer.</marc:subfield></marc:datafield><marc:datafield tag="700" ind1="1" ind2=" "><marc:subfield code="a">Driver, Caleb,</marc:subfield><marc:subfield code="e">performer.</marc:subfield></marc:datafield><marc:datafield tag="800" ind1="1" ind2=" "><marc:subfield code="a">Holt, Sharon.</marc:subfield><marc:subfield code="t">Reo singalong.</marc:subfield></marc:datafield><marc:datafield tag="901" ind1=" " ind2=" "><marc:subfield code="a">SMC</marc:subfield></marc:datafield><marc:datafield tag="921" ind1=" " ind2=" "><marc:subfield code="a">Junior</marc:subfield></marc:datafield><marc:datafield tag="942" ind1=" " ind2=" "><marc:subfield code="a">nznb 2020-06</marc:subfield></marc:datafield></marc:record>