
<marc:record><marc:leader>02968cam a2200409 i 4500</marc:leader>
<marc:controlfield tag="001">9918967870002836</marc:controlfield>
<marc:controlfield tag="005">20210120151731.0</marc:controlfield><marc:controlfield tag="008">160613s2020    nz a          00| 0 eng  </marc:controlfield><marc:datafield tag="020" ind1=" " ind2=" "><marc:subfield code="a">9781877375637</marc:subfield><marc:subfield code="q">hardback</marc:subfield></marc:datafield><marc:datafield tag="035" ind1=" " ind2=" "><marc:subfield code="a">(OCoLC)1158284512</marc:subfield></marc:datafield><marc:datafield tag="040" ind1=" " ind2=" "><marc:subfield code="a">NZAWM</marc:subfield><marc:subfield code="b">eng</marc:subfield><marc:subfield code="e">rda</marc:subfield><marc:subfield code="c">NZAWM</marc:subfield><marc:subfield code="d">Nz</marc:subfield></marc:datafield><marc:datafield tag="041" ind1="1" ind2=" "><marc:subfield code="a">eng</marc:subfield><marc:subfield code="a">mao</marc:subfield></marc:datafield><marc:datafield tag="042" ind1=" " ind2=" "><marc:subfield code="a">nznb</marc:subfield></marc:datafield><marc:datafield tag="043" ind1=" " ind2=" "><marc:subfield code="a">u-nz---</marc:subfield></marc:datafield><marc:datafield tag="082" ind1="0" ind2="4"><marc:subfield code="a">709.22</marc:subfield><marc:subfield code="2">23</marc:subfield></marc:datafield><marc:datafield tag="245" ind1="0" ind2="3"><marc:subfield code="a">Te Wheke :</marc:subfield><marc:subfield code="b">pathways across Oceania /</marc:subfield><marc:subfield code="c">Ken Hall, Felicity Milburn, Nathan Pohio, Lara Strongman and Peter Vangioni, with Stephanie Oberg ; Te Reo Māori translations by Hemi Hoskins, Reimana Tūtengaehe and Te Marino Lenihan.</marc:subfield></marc:datafield><marc:datafield tag="264" ind1=" " ind2="1"><marc:subfield code="a">Christchurch, Aotearoa New Zealand :</marc:subfield><marc:subfield code="b">Christchurch Art Gallery Te Puna o Waiwhetū,</marc:subfield><marc:subfield code="c">2020.</marc:subfield></marc:datafield><marc:datafield tag="300" ind1=" " ind2=" "><marc:subfield code="a">232 pages :</marc:subfield><marc:subfield code="b">colour illustrations ;</marc:subfield><marc:subfield code="c">22 cm</marc:subfield></marc:datafield><marc:datafield tag="336" ind1=" " ind2=" "><marc:subfield code="a">text</marc:subfield><marc:subfield code="2">rdacontent</marc:subfield></marc:datafield><marc:datafield tag="336" ind1=" " ind2=" "><marc:subfield code="a">still image</marc:subfield><marc:subfield code="2">rdacontent</marc:subfield></marc:datafield><marc:datafield tag="337" ind1=" " ind2=" "><marc:subfield code="a">unmediated</marc:subfield><marc:subfield code="b">n</marc:subfield><marc:subfield code="2">rdamedia</marc:subfield></marc:datafield><marc:datafield tag="338" ind1=" " ind2=" "><marc:subfield code="a">volume</marc:subfield><marc:subfield code="b">nc</marc:subfield><marc:subfield code="2">rdacarrier</marc:subfield></marc:datafield><marc:datafield tag="500" ind1=" " ind2=" "><marc:subfield code="a">&quot;The exhibition Te Wheke: Pathways across Oceania was curated by Ken Hall, Felicity Milburn, Nathan Pohio, Lara Strongman and Peter Vangioni at Christchurch Art Gallery Te Puna o Waiwhetū, opening on 10 April 2020. The exhibition spans a period of two years, and features several different iterations over that period. The works in this book represent the first iteration and key works from later iterations&quot;--Title page verso.</marc:subfield></marc:datafield><marc:datafield tag="505" ind1="0" ind2=" "><marc:subfield code="a">Introduction -- Hawaiki tautau atu, Hawaiki tautau mai: a distance draws near -- Ātea -- Kanohi ki te kanohi: face to face -- Ko ēnei tauira ātaahua: these beautiful patterns -- I tawhiti rā anō: from distant shores -- Paerangi: the fold in the sky -- He ara: pathways -- Puta noa i te ao: in the world -- He toka tū moana -- index of artists -- list of works -- contributors.</marc:subfield></marc:datafield><marc:datafield tag="520" ind1=" " ind2=" "><marc:subfield code="a">&quot;Wheke means octopus in te reo Māori. For many cultures around Te Moana-nui-a-Kiwa / the Pacific Ocean, this resourceful, resilient, adventurous creatures is a symbol of early voyages of exploration and migration from the Polynesian homelands of Hawaiki. In Aotearoa New Zealand, conventional art history tells the stories of art that ties us to Britain and Europe. Te Wheke looks in a different direction - from the Pacific outwards. In this selection of art from the collection of Christchurch Art Gallery Te Puna o Waiwhetū and beyond, Te Wheke opens up conversations about the journeys, tensions and connections that shape our past, present and future&quot;--Back cover.</marc:subfield></marc:datafield><marc:datafield tag="546" ind1=" " ind2=" "><marc:subfield code="a">English with te reo Māori translations.</marc:subfield></marc:datafield><marc:datafield tag="650" ind1=" " ind2="0"><marc:subfield code="a">Art, New Zealand</marc:subfield><marc:subfield code="v">Exhibitions.</marc:subfield></marc:datafield><marc:datafield tag="700" ind1="1" ind2=" "><marc:subfield code="a">Hall, Ken,</marc:subfield><marc:subfield code="d">1960-</marc:subfield><marc:subfield code="e">curator.</marc:subfield></marc:datafield><marc:datafield tag="700" ind1="1" ind2=" "><marc:subfield code="a">Milburn, Felicity,</marc:subfield><marc:subfield code="e">curator.</marc:subfield></marc:datafield><marc:datafield tag="700" ind1="1" ind2=" "><marc:subfield code="a">Pohio, Nathan,</marc:subfield><marc:subfield code="e">curator.</marc:subfield></marc:datafield><marc:datafield tag="700" ind1="1" ind2=" "><marc:subfield code="a">Strongman, Lara,</marc:subfield><marc:subfield code="e">curator.</marc:subfield></marc:datafield><marc:datafield tag="700" ind1="1" ind2=" "><marc:subfield code="a">Vangioni, P. J.</marc:subfield><marc:subfield code="q">(Peter Joseph),</marc:subfield><marc:subfield code="d">1968-</marc:subfield><marc:subfield code="e">curator.</marc:subfield></marc:datafield><marc:datafield tag="700" ind1="1" ind2=" "><marc:subfield code="a">Oberg, Stephanie.</marc:subfield></marc:datafield><marc:datafield tag="710" ind1="2" ind2=" "><marc:subfield code="a">Christchurch Art Gallery,</marc:subfield><marc:subfield code="e">issuing body.</marc:subfield></marc:datafield><marc:datafield tag="901" ind1=" " ind2=" "><marc:subfield code="a">RRO</marc:subfield></marc:datafield><marc:datafield tag="921" ind1=" " ind2=" "><marc:subfield code="a">Senior secondary</marc:subfield></marc:datafield><marc:datafield tag="942" ind1=" " ind2=" "><marc:subfield code="a">nznb 2020-06</marc:subfield></marc:datafield></marc:record>