
<marc:record><marc:leader>01644cam a2200421 i 4500</marc:leader>
<marc:controlfield tag="001">9918977261402836</marc:controlfield>
<marc:controlfield tag="005">20211118121059.0</marc:controlfield><marc:controlfield tag="008">160613s2020    nz a   j      00| 1 eng  </marc:controlfield><marc:datafield tag="020" ind1=" " ind2=" "><marc:subfield code="a">9780473531539</marc:subfield><marc:subfield code="q">paperback</marc:subfield></marc:datafield><marc:datafield tag="035" ind1=" " ind2=" "><marc:subfield code="a">(OCoLC)1239319882</marc:subfield></marc:datafield><marc:datafield tag="040" ind1=" " ind2=" "><marc:subfield code="a">Nz</marc:subfield><marc:subfield code="b">eng</marc:subfield><marc:subfield code="e">rda</marc:subfield><marc:subfield code="c">Nz</marc:subfield></marc:datafield><marc:datafield tag="041" ind1="1" ind2=" "><marc:subfield code="a">eng</marc:subfield><marc:subfield code="a">mao</marc:subfield></marc:datafield><marc:datafield tag="042" ind1=" " ind2=" "><marc:subfield code="a">nznb</marc:subfield></marc:datafield><marc:datafield tag="082" ind1="0" ind2="4"><marc:subfield code="a">NZ823.3</marc:subfield><marc:subfield code="2">23</marc:subfield></marc:datafield><marc:datafield tag="100" ind1="1" ind2=" "><marc:subfield code="a">Hays, Kinsa,</marc:subfield><marc:subfield code="e">author.</marc:subfield></marc:datafield><marc:datafield tag="240" ind1="1" ind2="0"><marc:subfield code="a">Three little wax-eyes.</marc:subfield></marc:datafield><marc:datafield tag="245" ind1="1" ind2="0"><marc:subfield code="a">Three little wax-eyes =</marc:subfield><marc:subfield code="b">Ngā tauhou e toru /</marc:subfield><marc:subfield code="c">words by  Kinsa Hays; pictures by Carolyn Watts ; Te Reo by Justin Kereama.</marc:subfield></marc:datafield><marc:datafield tag="246" ind1="1" ind2="1"><marc:subfield code="a">Tauhou e toru</marc:subfield></marc:datafield><marc:datafield tag="264" ind1=" " ind2="1"><marc:subfield code="a">Mount Roskill, Auckland :</marc:subfield><marc:subfield code="b">Bouncing Beans,</marc:subfield><marc:subfield code="c">2020.</marc:subfield></marc:datafield><marc:datafield tag="300" ind1=" " ind2=" "><marc:subfield code="a">26 pages :</marc:subfield><marc:subfield code="b">colour illustrations ;</marc:subfield><marc:subfield code="c">20 x 27 cm.</marc:subfield></marc:datafield><marc:datafield tag="336" ind1=" " ind2=" "><marc:subfield code="a">text</marc:subfield><marc:subfield code="2">rdacontent</marc:subfield></marc:datafield><marc:datafield tag="336" ind1=" " ind2=" "><marc:subfield code="a">still image</marc:subfield><marc:subfield code="2">rdacontent</marc:subfield></marc:datafield><marc:datafield tag="337" ind1=" " ind2=" "><marc:subfield code="a">unmediated</marc:subfield><marc:subfield code="2">rdamedia</marc:subfield></marc:datafield><marc:datafield tag="338" ind1=" " ind2=" "><marc:subfield code="a">volume</marc:subfield><marc:subfield code="2">rdacarrier</marc:subfield></marc:datafield><marc:datafield tag="500" ind1=" " ind2=" "><marc:subfield code="a">Picture story book for children.</marc:subfield></marc:datafield><marc:datafield tag="520" ind1=" " ind2=" "><marc:subfield code="a">&quot;Learning something new isn't always easy. Sometimes we need help from others. This is the story of how three little chicks faced their fears with help from mum and dad&quot;--Back cover.</marc:subfield></marc:datafield><marc:datafield tag="546" ind1=" " ind2=" "><marc:subfield code="a">Parallel text in English and Māori.</marc:subfield></marc:datafield><marc:datafield tag="650" ind1=" " ind2="0"><marc:subfield code="a">Birds</marc:subfield><marc:subfield code="z">New Zealand</marc:subfield><marc:subfield code="v">Juvenile literature.</marc:subfield></marc:datafield><marc:datafield tag="655" ind1=" " ind2="7"><marc:subfield code="a">Children's stories, New Zealand.</marc:subfield><marc:subfield code="2">local</marc:subfield><marc:subfield code="5">Nz</marc:subfield></marc:datafield><marc:datafield tag="655" ind1=" " ind2="7"><marc:subfield code="a">Stories in rhyme.</marc:subfield><marc:subfield code="2">lcgft</marc:subfield></marc:datafield><marc:datafield tag="655" ind1=" " ind2="0"><marc:subfield code="a">Picture books for children.</marc:subfield></marc:datafield><marc:datafield tag="700" ind1="1" ind2=" "><marc:subfield code="a">Watts, Carolyn</marc:subfield><marc:subfield code="c">(Illustrator),</marc:subfield><marc:subfield code="e">illustrator.</marc:subfield></marc:datafield><marc:datafield tag="700" ind1="1" ind2=" "><marc:subfield code="a">Kereama, Justin,</marc:subfield><marc:subfield code="e">translator.</marc:subfield></marc:datafield><marc:datafield tag="700" ind1="1" ind2="2"><marc:subfield code="a">Hays, Kinsa.</marc:subfield><marc:subfield code="t">Three little wax-eyes.</marc:subfield></marc:datafield><marc:datafield tag="700" ind1="1" ind2="2"><marc:subfield code="a">Hays, Kinsa.</marc:subfield><marc:subfield code="t">Three little wax-eyes.</marc:subfield><marc:subfield code="l">Maori</marc:subfield></marc:datafield><marc:datafield tag="901" ind1=" " ind2=" "><marc:subfield code="a">SMC</marc:subfield></marc:datafield><marc:datafield tag="921" ind1=" " ind2=" "><marc:subfield code="a">Junior</marc:subfield><marc:subfield code="a">Primary</marc:subfield></marc:datafield><marc:datafield tag="942" ind1=" " ind2=" "><marc:subfield code="a">nznb 2021-02</marc:subfield></marc:datafield></marc:record>