
<marc:record><marc:leader>02685cam a2200685 i 4500</marc:leader>
<marc:controlfield tag="001">9919090070502836</marc:controlfield>
<marc:controlfield tag="005">20211022173241.0</marc:controlfield><marc:controlfield tag="006">jsgn|j |    d||   </marc:controlfield><marc:controlfield tag="007">sd#fsngnnmmned</marc:controlfield><marc:controlfield tag="008">210414t20212021nz a   b      000 1 mao d</marc:controlfield><marc:datafield tag="020" ind1=" " ind2=" "><marc:subfield code="a">9780995134997</marc:subfield><marc:subfield code="q">(paperback)</marc:subfield></marc:datafield><marc:datafield tag="020" ind1=" " ind2=" "><marc:subfield code="a">0995134995</marc:subfield><marc:subfield code="q">(paperback)</marc:subfield></marc:datafield><marc:datafield tag="035" ind1=" " ind2=" "><marc:subfield code="a">(OCoLC)1258123978</marc:subfield></marc:datafield><marc:datafield tag="040" ind1=" " ind2=" "><marc:subfield code="a">NZAUC</marc:subfield><marc:subfield code="b">eng</marc:subfield><marc:subfield code="e">rda</marc:subfield><marc:subfield code="c">NZAUC</marc:subfield><marc:subfield code="d">OCLCO</marc:subfield><marc:subfield code="d">NZWHC</marc:subfield><marc:subfield code="d">Nz</marc:subfield></marc:datafield><marc:datafield tag="041" ind1="0" ind2=" "><marc:subfield code="a">mao</marc:subfield><marc:subfield code="a">eng</marc:subfield><marc:subfield code="d">mao</marc:subfield></marc:datafield><marc:datafield tag="042" ind1=" " ind2=" "><marc:subfield code="a">nznb</marc:subfield></marc:datafield><marc:datafield tag="043" ind1=" " ind2=" "><marc:subfield code="a">u-nz---</marc:subfield></marc:datafield><marc:datafield tag="082" ind1="0" ind2="4"><marc:subfield code="a">781.6299442</marc:subfield><marc:subfield code="2">23</marc:subfield></marc:datafield><marc:datafield tag="100" ind1="1" ind2=" "><marc:subfield code="a">Holt, Sharon,</marc:subfield><marc:subfield code="e">author,</marc:subfield><marc:subfield code="e">lyricist.</marc:subfield></marc:datafield><marc:datafield tag="245" ind1="1" ind2="3"><marc:subfield code="a">Te kāhui o Matariki /</marc:subfield><marc:subfield code="c">written by Sharon Holt ; illustrated by Stephanie Thatcher.</marc:subfield></marc:datafield><marc:datafield tag="264" ind1=" " ind2="1"><marc:subfield code="a">Auckland, New Zealand :</marc:subfield><marc:subfield code="b">EduMaxi Ltd,</marc:subfield><marc:subfield code="c">[2021]</marc:subfield></marc:datafield><marc:datafield tag="264" ind1=" " ind2="4"><marc:subfield code="c">©2021</marc:subfield></marc:datafield><marc:datafield tag="300" ind1=" " ind2=" "><marc:subfield code="a">1 volume (unpaged) :</marc:subfield><marc:subfield code="b">colour illustrations ;</marc:subfield><marc:subfield code="c">21 x 30 cm.</marc:subfield></marc:datafield><marc:datafield tag="300" ind1=" " ind2=" "><marc:subfield code="a">1 CD ;</marc:subfield><marc:subfield code="c">12 cm</marc:subfield></marc:datafield><marc:datafield tag="336" ind1=" " ind2=" "><marc:subfield code="a">text</marc:subfield><marc:subfield code="b">txt</marc:subfield><marc:subfield code="2">rdacontent</marc:subfield></marc:datafield><marc:datafield tag="336" ind1=" " ind2=" "><marc:subfield code="a">still image</marc:subfield><marc:subfield code="b">sti</marc:subfield><marc:subfield code="2">rdacontent</marc:subfield></marc:datafield><marc:datafield tag="336" ind1=" " ind2=" "><marc:subfield code="a">performed music</marc:subfield><marc:subfield code="2">rdacontent</marc:subfield></marc:datafield><marc:datafield tag="337" ind1=" " ind2=" "><marc:subfield code="a">unmediated</marc:subfield><marc:subfield code="b">n</marc:subfield><marc:subfield code="2">rdamedia</marc:subfield></marc:datafield><marc:datafield tag="337" ind1=" " ind2=" "><marc:subfield code="a">audio</marc:subfield><marc:subfield code="b">s</marc:subfield><marc:subfield code="2">rdamedia</marc:subfield></marc:datafield><marc:datafield tag="338" ind1=" " ind2=" "><marc:subfield code="a">volume</marc:subfield><marc:subfield code="b">nc</marc:subfield><marc:subfield code="2">rdacarrier</marc:subfield></marc:datafield><marc:datafield tag="338" ind1=" " ind2=" "><marc:subfield code="a">audio disc</marc:subfield><marc:subfield code="b">sd</marc:subfield><marc:subfield code="2">rdacarrier</marc:subfield></marc:datafield><marc:datafield tag="344" ind1=" " ind2=" "><marc:subfield code="a">digital</marc:subfield><marc:subfield code="2">rda</marc:subfield></marc:datafield><marc:datafield tag="347" ind1=" " ind2=" "><marc:subfield code="a">audio file</marc:subfield><marc:subfield code="b">CD audio</marc:subfield><marc:subfield code="2">rda</marc:subfield></marc:datafield><marc:datafield tag="490" ind1="1" ind2=" "><marc:subfield code="a">Te Reo singalong books</marc:subfield></marc:datafield><marc:datafield tag="500" ind1=" " ind2=" "><marc:subfield code="a">Song lyrics in picture book format and a performed version of the song on CD. Includes guitar chords.</marc:subfield></marc:datafield><marc:datafield tag="508" ind1=" " ind2=" "><marc:subfield code="a">Lyrics by Sharon Holt ; music composed by Stacey Walker.</marc:subfield></marc:datafield><marc:datafield tag="511" ind1="1" ind2=" "><marc:subfield code="a">Vocals by Stacey Walker ; guitar by Caleb Driver.</marc:subfield></marc:datafield><marc:datafield tag="518" ind1=" " ind2=" "><marc:subfield code="a">Recorded, mixed and mastered by Caleb Driver at Vision College Studio, Hamilton.</marc:subfield></marc:datafield><marc:datafield tag="520" ind1=" " ind2=" "><marc:subfield code="a">&quot;In this book we focus on each of the nine stars in the Matariki cluster, and their relationship to the environment. We know you will love the song and illustrations.&quot;--Provided by publisher.</marc:subfield></marc:datafield><marc:datafield tag="546" ind1=" " ind2=" "><marc:subfield code="a">In Māori with extension ideas in English.</marc:subfield></marc:datafield><marc:datafield tag="650" ind1=" " ind2="0"><marc:subfield code="a">New Year music</marc:subfield><marc:subfield code="v">Texts.</marc:subfield></marc:datafield><marc:datafield tag="650" ind1=" " ind2="0"><marc:subfield code="a">Festivals</marc:subfield><marc:subfield code="z">New Zealand</marc:subfield><marc:subfield code="v">Songs and music</marc:subfield><marc:subfield code="v">Texts.</marc:subfield></marc:datafield><marc:datafield tag="650" ind1=" " ind2="0"><marc:subfield code="a">Children's songs, Maori</marc:subfield><marc:subfield code="v">Texts.</marc:subfield></marc:datafield><marc:datafield tag="650" ind1=" " ind2="0"><marc:subfield code="a">Children's songs, Maori</marc:subfield><marc:subfield code="v">Juvenile sound recordings.</marc:subfield></marc:datafield><marc:datafield tag="650" ind1=" " ind2="7"><marc:subfield code="a">Matariki (Tātai whetū)</marc:subfield><marc:subfield code="2">reo</marc:subfield></marc:datafield><marc:datafield tag="650" ind1=" " ind2="7"><marc:subfield code="a">Taiao.</marc:subfield><marc:subfield code="2">reo</marc:subfield></marc:datafield><marc:datafield tag="650" ind1=" " ind2="7"><marc:subfield code="a">Pukapuka whakaahua.</marc:subfield><marc:subfield code="2">reo</marc:subfield></marc:datafield><marc:datafield tag="650" ind1=" " ind2="7"><marc:subfield code="a">Waiata tamariki.</marc:subfield><marc:subfield code="2">reo</marc:subfield></marc:datafield><marc:datafield tag="650" ind1=" " ind2="7"><marc:subfield code="a">Hopu reo.</marc:subfield><marc:subfield code="2">reo</marc:subfield></marc:datafield><marc:datafield tag="655" ind1=" " ind2="0"><marc:subfield code="a">Picture books for children.</marc:subfield></marc:datafield><marc:datafield tag="655" ind1=" " ind2="7"><marc:subfield code="a">Sound recordings.</marc:subfield><marc:subfield code="2">lcgft</marc:subfield></marc:datafield><marc:datafield tag="655" ind1=" " ind2="7"><marc:subfield code="a">Song texts.</marc:subfield><marc:subfield code="2">lcgft</marc:subfield></marc:datafield><marc:datafield tag="655" ind1=" " ind2="7"><marc:subfield code="a">Children's songs, New Zealand</marc:subfield><marc:subfield code="2">local</marc:subfield><marc:subfield code="5">Nz</marc:subfield></marc:datafield><marc:datafield tag="700" ind1="1" ind2=" "><marc:subfield code="a">Thatcher, Stephanie,</marc:subfield><marc:subfield code="d">1972-</marc:subfield><marc:subfield code="e">illustrator.</marc:subfield></marc:datafield><marc:datafield tag="700" ind1="1" ind2=" "><marc:subfield code="a">Walker, Stacey,</marc:subfield><marc:subfield code="e">composer,</marc:subfield><marc:subfield code="e">performer.</marc:subfield></marc:datafield><marc:datafield tag="700" ind1="1" ind2=" "><marc:subfield code="a">Driver, Caleb,</marc:subfield><marc:subfield code="e">performer.</marc:subfield></marc:datafield><marc:datafield tag="800" ind1="1" ind2=" "><marc:subfield code="a">Holt, Sharon.</marc:subfield><marc:subfield code="t">Reo singalong.</marc:subfield></marc:datafield><marc:datafield tag="901" ind1=" " ind2=" "><marc:subfield code="a">HSL</marc:subfield></marc:datafield><marc:datafield tag="921" ind1=" " ind2=" "><marc:subfield code="a">Primary</marc:subfield></marc:datafield><marc:datafield tag="942" ind1=" " ind2=" "><marc:subfield code="a">nznb 2021-10</marc:subfield></marc:datafield></marc:record>