
<marc:record><marc:leader>01911cam a2200421 i 4500</marc:leader>
<marc:controlfield tag="001">9918741248002836</marc:controlfield>
<marc:controlfield tag="005">20200611140552.0</marc:controlfield><marc:controlfield tag="006">m|||||o||d||||||||</marc:controlfield><marc:controlfield tag="007">cr#|||||||||||</marc:controlfield><marc:controlfield tag="008">130617t20192019nz a    ob   f00| 0 mao  </marc:controlfield><marc:datafield tag="020" ind1=" " ind2=" "><marc:subfield code="a">9780473476304</marc:subfield><marc:subfield code="q">PDF</marc:subfield></marc:datafield><marc:datafield tag="020" ind1=" " ind2=" "><marc:subfield code="z">9780473476144</marc:subfield><marc:subfield code="q">tā</marc:subfield></marc:datafield><marc:datafield tag="035" ind1=" " ind2=" "><marc:subfield code="a">(OCoLC)1157942385</marc:subfield></marc:datafield><marc:datafield tag="040" ind1=" " ind2=" "><marc:subfield code="a">Nz</marc:subfield><marc:subfield code="b">eng</marc:subfield><marc:subfield code="e">rda</marc:subfield><marc:subfield code="c">Nz</marc:subfield></marc:datafield><marc:datafield tag="041" ind1=" " ind2=" "><marc:subfield code="a">mao</marc:subfield><marc:subfield code="g">eng</marc:subfield></marc:datafield><marc:datafield tag="042" ind1=" " ind2=" "><marc:subfield code="a">nznb</marc:subfield></marc:datafield><marc:datafield tag="043" ind1=" " ind2=" "><marc:subfield code="a">u-nz---</marc:subfield></marc:datafield><marc:datafield tag="110" ind1="1" ind2=" "><marc:subfield code="a">New Zealand.</marc:subfield><marc:subfield code="b">Department of Internal Affairs,</marc:subfield><marc:subfield code="e">author.</marc:subfield></marc:datafield><marc:datafield tag="240" ind1="1" ind2="4"><marc:subfield code="a">The digital inclusion blueprint.</marc:subfield><marc:subfield code="l">Maori</marc:subfield></marc:datafield><marc:datafield tag="245" ind1="1" ind2="3"><marc:subfield code="a">Te mahere mō te whakaurunga matihiko =</marc:subfield><marc:subfield code="b">the digital inclusion blueprint.</marc:subfield></marc:datafield><marc:datafield tag="246" ind1="1" ind2="1"><marc:subfield code="a">Digital inclusion blueprint</marc:subfield></marc:datafield><marc:datafield tag="264" ind1=" " ind2="1"><marc:subfield code="a">Te Whanganui-a-Tara, Aotearoa :</marc:subfield><marc:subfield code="b">Te Tari Taiwhenua,</marc:subfield><marc:subfield code="c">2019.</marc:subfield></marc:datafield><marc:datafield tag="264" ind1=" " ind2="4"><marc:subfield code="c">©2019</marc:subfield></marc:datafield><marc:datafield tag="300" ind1=" " ind2=" "><marc:subfield code="a">1 online resource :</marc:subfield><marc:subfield code="b">colour illustrations</marc:subfield></marc:datafield><marc:datafield tag="336" ind1=" " ind2=" "><marc:subfield code="a">text</marc:subfield><marc:subfield code="2">rdacontent</marc:subfield></marc:datafield><marc:datafield tag="337" ind1=" " ind2=" "><marc:subfield code="a">computer</marc:subfield><marc:subfield code="2">rdamedia</marc:subfield></marc:datafield><marc:datafield tag="338" ind1=" " ind2=" "><marc:subfield code="a">online resource</marc:subfield><marc:subfield code="2">rdacarrier</marc:subfield></marc:datafield><marc:datafield tag="347" ind1=" " ind2=" "><marc:subfield code="3">National Library of New Zealand archived copy</marc:subfield><marc:subfield code="a">text file</marc:subfield><marc:subfield code="b">PDF</marc:subfield></marc:datafield><marc:datafield tag="500" ind1=" " ind2=" "><marc:subfield code="a">Archived by the National Library of New Zealand in PDF.</marc:subfield><marc:subfield code="5">Nz</marc:subfield></marc:datafield><marc:datafield tag="500" ind1=" " ind2=" "><marc:subfield code="a">Hypertext links contained in the archived instances of this title may not be functional.</marc:subfield><marc:subfield code="5">Nz</marc:subfield></marc:datafield><marc:datafield tag="504" ind1=" " ind2=" "><marc:subfield code="a">Includes bibliographical references.</marc:subfield></marc:datafield><marc:datafield tag="540" ind1=" " ind2=" "><marc:subfield code="a">Licensed under Creative Commons Attribution 4.0 International</marc:subfield><marc:subfield code="f">CC BY 4.0</marc:subfield><marc:subfield code="2">cc</marc:subfield><marc:subfield code="u">https://creativecommons.org/licenses/by/4.0/</marc:subfield></marc:datafield><marc:datafield tag="650" ind1=" " ind2="0"><marc:subfield code="a">Digital divide</marc:subfield><marc:subfield code="x">Government policy</marc:subfield><marc:subfield code="z">New Zealand.</marc:subfield></marc:datafield><marc:datafield tag="650" ind1=" " ind2="0"><marc:subfield code="a">Computer literacy</marc:subfield><marc:subfield code="x">Government policy</marc:subfield><marc:subfield code="z">New Zealand.</marc:subfield></marc:datafield><marc:datafield tag="776" ind1="0" ind2="8"><marc:subfield code="i">Print version:</marc:subfield><marc:subfield code="t">Te mahere mō te whakaurunga matihiko</marc:subfield><marc:subfield code="z">9780473476144</marc:subfield></marc:datafield><marc:datafield tag="856" ind1="4" ind2="0"><marc:subfield code="u">https://natlib-primo.hosted.exlibrisgroup.com/primo-explore/fulldisplay?docid=NLNZ_ALMA11326459790002836&amp;context=L&amp;vid=NLNZ&amp;search_scope=NLNZ&amp;tab=catalogue&amp;lang=en_US</marc:subfield><marc:subfield code="z">Archived copy available at the National Library of New Zealand</marc:subfield><marc:subfield code="x">Open Access</marc:subfield></marc:datafield><marc:datafield tag="901" ind1=" " ind2=" "><marc:subfield code="a">RRO</marc:subfield></marc:datafield><marc:datafield tag="942" ind1=" " ind2=" "><marc:subfield code="a">nznb 2019-05</marc:subfield></marc:datafield></marc:record>