
<marc:record><marc:leader>02465cam a2200481 i 4500</marc:leader>
<marc:controlfield tag="001">9918745671502836</marc:controlfield>
<marc:controlfield tag="005">20200501085832.0</marc:controlfield><marc:controlfield tag="006">m|||||o||d||||||||</marc:controlfield><marc:controlfield tag="007">cr#|||||||||||</marc:controlfield><marc:controlfield tag="008">130617s2019    nz a    o     00| 0bmao  </marc:controlfield><marc:datafield tag="020" ind1=" " ind2=" "><marc:subfield code="a">9780473478254</marc:subfield><marc:subfield code="q">EPUB</marc:subfield></marc:datafield><marc:datafield tag="035" ind1=" " ind2=" "><marc:subfield code="a">(OCoLC)1151830343</marc:subfield></marc:datafield><marc:datafield tag="040" ind1=" " ind2=" "><marc:subfield code="a">Nz</marc:subfield><marc:subfield code="b">eng</marc:subfield><marc:subfield code="e">rda</marc:subfield><marc:subfield code="c">Nz</marc:subfield></marc:datafield><marc:datafield tag="041" ind1="1" ind2=" "><marc:subfield code="a">mao</marc:subfield><marc:subfield code="k">eng</marc:subfield><marc:subfield code="h">dut</marc:subfield></marc:datafield><marc:datafield tag="042" ind1=" " ind2=" "><marc:subfield code="a">nznb</marc:subfield></marc:datafield><marc:datafield tag="043" ind1=" " ind2=" "><marc:subfield code="a">e-ne---</marc:subfield></marc:datafield><marc:datafield tag="100" ind1="1" ind2=" "><marc:subfield code="a">Frank, Anne,</marc:subfield><marc:subfield code="d">1929-1945</marc:subfield><marc:subfield code="e">author.</marc:subfield></marc:datafield><marc:datafield tag="240" ind1="1" ind2="0"><marc:subfield code="a">Achterhuis.</marc:subfield><marc:subfield code="l">Maori</marc:subfield></marc:datafield><marc:datafield tag="245" ind1="1" ind2="3"><marc:subfield code="a">Te rātaka a tētahi kōhine /</marc:subfield><marc:subfield code="c">Anne Frank ; i ētitahia e Mirjam Pressler ; i whakawhitihia ki te reo Māori e Te Haumihiata Mason ; ko te kupu whakataki nā Boyd Klap.</marc:subfield></marc:datafield><marc:datafield tag="264" ind1=" " ind2="1"><marc:subfield code="a">Te Whanga-nui-a-Tara :</marc:subfield><marc:subfield code="b">Holocaust Centre of New Zealand, Holocaust Centre o Aotearoa,</marc:subfield><marc:subfield code="c">2019.</marc:subfield></marc:datafield><marc:datafield tag="300" ind1=" " ind2=" "><marc:subfield code="a">1 online resource :</marc:subfield><marc:subfield code="b">illustrations</marc:subfield></marc:datafield><marc:datafield tag="336" ind1=" " ind2=" "><marc:subfield code="a">text</marc:subfield><marc:subfield code="2">rdacontent</marc:subfield></marc:datafield><marc:datafield tag="337" ind1=" " ind2=" "><marc:subfield code="a">computer</marc:subfield><marc:subfield code="2">rdamedia</marc:subfield></marc:datafield><marc:datafield tag="338" ind1=" " ind2=" "><marc:subfield code="a">online resource</marc:subfield><marc:subfield code="2">rdacarrier</marc:subfield></marc:datafield><marc:datafield tag="347" ind1=" " ind2=" "><marc:subfield code="3">National Library of New Zealand archived copy</marc:subfield><marc:subfield code="a">text file</marc:subfield><marc:subfield code="b">EPUB</marc:subfield></marc:datafield><marc:datafield tag="500" ind1=" " ind2=" "><marc:subfield code="a">Archived by the National Library of New Zealand in EPUB.</marc:subfield><marc:subfield code="5">Nz</marc:subfield></marc:datafield><marc:datafield tag="500" ind1=" " ind2=" "><marc:subfield code="a">Hypertext links contained in the archived instances of this title may not be functional.</marc:subfield><marc:subfield code="5">Nz</marc:subfield></marc:datafield><marc:datafield tag="520" ind1=" " ind2=" "><marc:subfield code="a">&quot;Diary of Anne Frank from 12 June 1942 to 1 August 1944 while she, her family and four other Jews were in hiding in Amsterdam from the Nazi German occupiers of the Netherlands, during World War 2&quot;--Publisher information.</marc:subfield></marc:datafield><marc:datafield tag="600" ind1="1" ind2="0"><marc:subfield code="a">Frank, Anne,</marc:subfield><marc:subfield code="d">1929-1945</marc:subfield><marc:subfield code="v">Diaries.</marc:subfield></marc:datafield><marc:datafield tag="650" ind1=" " ind2="0"><marc:subfield code="a">Jewish children in the Holocaust</marc:subfield><marc:subfield code="z">Netherlands</marc:subfield><marc:subfield code="z">Amsterdam</marc:subfield><marc:subfield code="v">Personal narratives.</marc:subfield></marc:datafield><marc:datafield tag="650" ind1=" " ind2="0"><marc:subfield code="a">Jews</marc:subfield><marc:subfield code="x">Persecutions</marc:subfield><marc:subfield code="z">Netherlands</marc:subfield><marc:subfield code="z">Amsterdam.</marc:subfield></marc:datafield><marc:datafield tag="650" ind1=" " ind2="0"><marc:subfield code="a">Jews</marc:subfield><marc:subfield code="z">Netherlands</marc:subfield><marc:subfield code="z">Amsterdam</marc:subfield><marc:subfield code="v">Diaries.</marc:subfield></marc:datafield><marc:datafield tag="650" ind1=" " ind2="0"><marc:subfield code="a">Jews</marc:subfield><marc:subfield code="x">Persecutions</marc:subfield><marc:subfield code="z">Netherlands</marc:subfield><marc:subfield code="z">Amsterdam</marc:subfield><marc:subfield code="v">Personal narratives.</marc:subfield></marc:datafield><marc:datafield tag="651" ind1=" " ind2="0"><marc:subfield code="a">Netherlands</marc:subfield><marc:subfield code="x">History</marc:subfield><marc:subfield code="y">German occupation, 1940-1945.</marc:subfield></marc:datafield><marc:datafield tag="650" ind1=" " ind2="7"><marc:subfield code="a">Tuhinga nā te hunga tamariki.</marc:subfield><marc:subfield code="2">reo</marc:subfield></marc:datafield><marc:datafield tag="650" ind1=" " ind2="7"><marc:subfield code="a">Rātaka.</marc:subfield><marc:subfield code="2">reo</marc:subfield></marc:datafield><marc:datafield tag="650" ind1=" " ind2="7"><marc:subfield code="a">Kōrero nehe.</marc:subfield><marc:subfield code="2">reo</marc:subfield></marc:datafield><marc:datafield tag="700" ind1="1" ind2=" "><marc:subfield code="a">Mason, Te Haumihiata,</marc:subfield><marc:subfield code="e">translator.</marc:subfield></marc:datafield><marc:datafield tag="700" ind1="1" ind2=" "><marc:subfield code="i">Translation of:</marc:subfield><marc:subfield code="a">Frank, Anne,</marc:subfield><marc:subfield code="d">1929-1945</marc:subfield><marc:subfield code="t">Achterhuis.</marc:subfield></marc:datafield><marc:datafield tag="776" ind1="0" ind2="8"><marc:subfield code="i">Print version:</marc:subfield><marc:subfield code="t">Te Rātaka a Tētahi Kōhine</marc:subfield><marc:subfield code="z">9780473478247</marc:subfield></marc:datafield><marc:datafield tag="856" ind1="4" ind2="0"><marc:subfield code="u">https://natlib-primo.hosted.exlibrisgroup.com/primo-explore/fulldisplay?docid=NLNZ_ALMA11341481140002836&amp;context=L&amp;vid=NLNZ&amp;search_scope=NLNZ&amp;tab=catalogue&amp;lang=en_US</marc:subfield><marc:subfield code="z">Archived copy available within National Library of New Zealand only</marc:subfield><marc:subfield code="x">Limited On Site Access</marc:subfield></marc:datafield><marc:datafield tag="901" ind1=" " ind2=" "><marc:subfield code="a">SCO</marc:subfield></marc:datafield><marc:datafield tag="942" ind1=" " ind2=" "><marc:subfield code="a">nznb 2020-04</marc:subfield></marc:datafield></marc:record>