
<marc:record><marc:leader>01953cam a22004338i 4500</marc:leader>
<marc:controlfield tag="001">9918745671602836</marc:controlfield>
<marc:controlfield tag="005">20200423151210.0</marc:controlfield><marc:controlfield tag="008">160613s2019    nz a          00| 0bmao  </marc:controlfield><marc:datafield tag="020" ind1=" " ind2=" "><marc:subfield code="a">9780473478247</marc:subfield><marc:subfield code="q">print</marc:subfield></marc:datafield><marc:datafield tag="035" ind1=" " ind2=" "><marc:subfield code="a">(OCoLC)1101007514</marc:subfield></marc:datafield><marc:datafield tag="040" ind1=" " ind2=" "><marc:subfield code="a">Nz</marc:subfield><marc:subfield code="b">eng</marc:subfield><marc:subfield code="e">rda</marc:subfield><marc:subfield code="c">Nz</marc:subfield></marc:datafield><marc:datafield tag="041" ind1="1" ind2=" "><marc:subfield code="a">mao</marc:subfield><marc:subfield code="k">eng</marc:subfield><marc:subfield code="h">dut</marc:subfield></marc:datafield><marc:datafield tag="042" ind1=" " ind2=" "><marc:subfield code="a">nznb</marc:subfield></marc:datafield><marc:datafield tag="043" ind1=" " ind2=" "><marc:subfield code="a">e-ne---</marc:subfield></marc:datafield><marc:datafield tag="082" ind1="0" ind2="4"><marc:subfield code="a">940.5318092</marc:subfield><marc:subfield code="a">B</marc:subfield><marc:subfield code="2">23</marc:subfield></marc:datafield><marc:datafield tag="100" ind1="1" ind2=" "><marc:subfield code="a">Frank, Anne,</marc:subfield><marc:subfield code="d">1929-1945</marc:subfield><marc:subfield code="e">author.</marc:subfield></marc:datafield><marc:datafield tag="240" ind1="1" ind2="0"><marc:subfield code="a">Achterhuis.</marc:subfield><marc:subfield code="l">Maori</marc:subfield></marc:datafield><marc:datafield tag="245" ind1="1" ind2="3"><marc:subfield code="a">Te rātaka a tētahi kōhine /</marc:subfield><marc:subfield code="c">Anne Frank ; i ētitahia e Mirjam Pressler ; i whakawhitihia ki te reo Māori e Te Haumihiata Mason ; ko te kupu whakataki nā Boyd Klap.</marc:subfield></marc:datafield><marc:datafield tag="264" ind1=" " ind2="1"><marc:subfield code="a">Te Whanga-nui-a-Tara :</marc:subfield><marc:subfield code="b">Holocaust Centre of New Zealand, Holocaust Centre o Aotearoa,</marc:subfield><marc:subfield code="c">2019.</marc:subfield></marc:datafield><marc:datafield tag="300" ind1=" " ind2=" "><marc:subfield code="a">262 pages, 8 unnumbered pages of plates :</marc:subfield><marc:subfield code="b">illustrations ;</marc:subfield><marc:subfield code="c">23 cm</marc:subfield></marc:datafield><marc:datafield tag="336" ind1=" " ind2=" "><marc:subfield code="a">text</marc:subfield><marc:subfield code="2">rdacontent</marc:subfield></marc:datafield><marc:datafield tag="337" ind1=" " ind2=" "><marc:subfield code="a">unmediated</marc:subfield><marc:subfield code="2">rdamedia</marc:subfield></marc:datafield><marc:datafield tag="338" ind1=" " ind2=" "><marc:subfield code="a">volume</marc:subfield><marc:subfield code="2">rdacarrier</marc:subfield></marc:datafield><marc:datafield tag="520" ind1=" " ind2=" "><marc:subfield code="a">&quot;Diary of Anne Frank from 12 June 1942 to 1 August 1944 while she, her family and four other Jews were in hiding in Amsterdam from the Nazi German occupiers of the Netherlands, during World War 2&quot;--Publisher information.</marc:subfield></marc:datafield><marc:datafield tag="600" ind1="1" ind2="0"><marc:subfield code="a">Frank, Anne,</marc:subfield><marc:subfield code="d">1929-1945</marc:subfield><marc:subfield code="v">Diaries.</marc:subfield></marc:datafield><marc:datafield tag="650" ind1=" " ind2="0"><marc:subfield code="a">Jewish children in the Holocaust</marc:subfield><marc:subfield code="z">Netherlands</marc:subfield><marc:subfield code="z">Amsterdam</marc:subfield><marc:subfield code="v">Personal narratives.</marc:subfield></marc:datafield><marc:datafield tag="650" ind1=" " ind2="0"><marc:subfield code="a">Jews</marc:subfield><marc:subfield code="x">Persecutions</marc:subfield><marc:subfield code="z">Netherlands</marc:subfield><marc:subfield code="z">Amsterdam.</marc:subfield></marc:datafield><marc:datafield tag="650" ind1=" " ind2="0"><marc:subfield code="a">Jews</marc:subfield><marc:subfield code="z">Netherlands</marc:subfield><marc:subfield code="z">Amsterdam</marc:subfield><marc:subfield code="v">Diaries.</marc:subfield></marc:datafield><marc:datafield tag="650" ind1=" " ind2="0"><marc:subfield code="a">Jews</marc:subfield><marc:subfield code="x">Persecutions</marc:subfield><marc:subfield code="z">Netherlands</marc:subfield><marc:subfield code="z">Amsterdam</marc:subfield><marc:subfield code="v">Personal narratives.</marc:subfield></marc:datafield><marc:datafield tag="651" ind1=" " ind2="0"><marc:subfield code="a">Netherlands</marc:subfield><marc:subfield code="x">History</marc:subfield><marc:subfield code="y">German occupation, 1940-1945.</marc:subfield></marc:datafield><marc:datafield tag="650" ind1=" " ind2="7"><marc:subfield code="a">Tuhinga nā te hunga tamariki.</marc:subfield><marc:subfield code="2">reo</marc:subfield></marc:datafield><marc:datafield tag="650" ind1=" " ind2="7"><marc:subfield code="a">Rātaka.</marc:subfield><marc:subfield code="2">reo</marc:subfield></marc:datafield><marc:datafield tag="650" ind1=" " ind2="7"><marc:subfield code="a">Kōrero nehe.</marc:subfield><marc:subfield code="2">reo</marc:subfield></marc:datafield><marc:datafield tag="700" ind1="1" ind2=" "><marc:subfield code="a">Mason, Te Haumihiata,</marc:subfield><marc:subfield code="e">translator.</marc:subfield></marc:datafield><marc:datafield tag="700" ind1="1" ind2=" "><marc:subfield code="i">Translation of:</marc:subfield><marc:subfield code="a">Frank, Anne,</marc:subfield><marc:subfield code="d">1929-1945</marc:subfield><marc:subfield code="t">Achterhuis.</marc:subfield></marc:datafield><marc:datafield tag="776" ind1="0" ind2="8"><marc:subfield code="i">Online version:</marc:subfield><marc:subfield code="t">Te Rātaka a Tētahi Kōhine</marc:subfield><marc:subfield code="z">9780473478254</marc:subfield></marc:datafield><marc:datafield tag="901" ind1=" " ind2=" "><marc:subfield code="a">SCO</marc:subfield></marc:datafield><marc:datafield tag="921" ind1=" " ind2=" "><marc:subfield code="a">Secondary</marc:subfield></marc:datafield><marc:datafield tag="942" ind1=" " ind2=" "><marc:subfield code="a">nznb 2019-06</marc:subfield></marc:datafield></marc:record>