
<marc:record><marc:leader>02477pam a2200445 i 4500</marc:leader>
<marc:controlfield tag="001">9918762373602836</marc:controlfield>
<marc:controlfield tag="005">20190923121243.0</marc:controlfield><marc:controlfield tag="008">190617t20192019nz       bd   00| 0 mao  </marc:controlfield><marc:datafield tag="020" ind1=" " ind2=" "><marc:subfield code="a">9780143773610</marc:subfield><marc:subfield code="q">paperback</marc:subfield></marc:datafield><marc:datafield tag="035" ind1=" " ind2=" "><marc:subfield code="a">(OCoLC)1104817600</marc:subfield></marc:datafield><marc:datafield tag="037" ind1=" " ind2=" "><marc:subfield code="b">Penguin Random House New Zealand</marc:subfield></marc:datafield><marc:datafield tag="040" ind1=" " ind2=" "><marc:subfield code="a">Nz</marc:subfield><marc:subfield code="b">eng</marc:subfield><marc:subfield code="e">rda</marc:subfield><marc:subfield code="c">Nz</marc:subfield></marc:datafield><marc:datafield tag="041" ind1="0" ind2=" "><marc:subfield code="a">mao</marc:subfield><marc:subfield code="a">eng</marc:subfield></marc:datafield><marc:datafield tag="042" ind1=" " ind2=" "><marc:subfield code="a">nznb</marc:subfield></marc:datafield><marc:datafield tag="043" ind1=" " ind2=" "><marc:subfield code="a">u-nz---</marc:subfield></marc:datafield><marc:datafield tag="082" ind1="0" ind2="4"><marc:subfield code="a">499.44203</marc:subfield><marc:subfield code="2">23</marc:subfield></marc:datafield><marc:datafield tag="245" ind1="0" ind2="3"><marc:subfield code="a">He puna kupu, he manawa aa-whenua Waikato-Tainui :</marc:subfield><marc:subfield code="b">he kohinga kupu noo roto i a Tainui = a collection of words used within Tainui /</marc:subfield><marc:subfield code="c">edited by Raukura Roa, Paania Papa, Jarred Boon, Rahui Papa.</marc:subfield></marc:datafield><marc:datafield tag="264" ind1=" " ind2="1"><marc:subfield code="a">[Auckland] :</marc:subfield><marc:subfield code="b">Raupō,</marc:subfield><marc:subfield code="c">2019.</marc:subfield></marc:datafield><marc:datafield tag="264" ind1=" " ind2="4"><marc:subfield code="c">©2019</marc:subfield></marc:datafield><marc:datafield tag="300" ind1=" " ind2=" "><marc:subfield code="a">252 pages ;</marc:subfield><marc:subfield code="c">21 cm</marc:subfield></marc:datafield><marc:datafield tag="336" ind1=" " ind2=" "><marc:subfield code="a">text</marc:subfield><marc:subfield code="2">rdacontent</marc:subfield></marc:datafield><marc:datafield tag="337" ind1=" " ind2=" "><marc:subfield code="a">unmediated</marc:subfield><marc:subfield code="2">rdamedia</marc:subfield></marc:datafield><marc:datafield tag="338" ind1=" " ind2=" "><marc:subfield code="a">volume</marc:subfield><marc:subfield code="2">rdacarrier</marc:subfield></marc:datafield><marc:datafield tag="504" ind1=" " ind2=" "><marc:subfield code="a">Includes bibliographical references.</marc:subfield></marc:datafield><marc:datafield tag="520" ind1=" " ind2=" "><marc:subfield code="a">&quot;The first ever Māori dictionary specific to the Waikato-Tainui dialect&quot;--Publisher information.</marc:subfield></marc:datafield><marc:datafield tag="520" ind1=" " ind2=" "><marc:subfield code="a">&quot;Ko te reo kei too arero, te reo o too ao. Noo reira ko too reo aa iwi, te reo o too ngaakau, te reo e hiiri ai koe ki ngoo whakapapa me ngoo paanga ki ngaa iwi o te motu.Kua whakatoopuungia ngaa kupu, ngaa kiianga noo roto mai o ngaa horopaki Tainui ki te waahi kotahi hei kai maa te mata, hei kai maa te hinengaro, hei kai maa te rangatira. Noo reira kei ngaa rangatira o Tainui waka, ko teenei Puna Kupu hei Manawa aa-Whenua maa taatou katoa.Kua roa te iwi e karanga ana kia whakaputaina he rauemi haapai i te iwi kia Tainui ake ai te rere o te reo i roto i a taatou. Noo reira i whakahuihuia e Waikato-Tainui ngaa kaumaatua me ngaa maatanga reo o ngaa roherohenga o Tainui waka whaanui kia whakaritea teenei taonga hei whakautu i taa koutou karanga. Meenaa raanei ko koe teenaa e hiikaka ana kia Tainui ake ai too reo, e kaingaakau ana ki ngaa reo aa iwi, maau teenei rauemi, moou teenei rauemi. Tukua!&quot;--Kaitā pārongo.</marc:subfield></marc:datafield><marc:datafield tag="546" ind1=" " ind2=" "><marc:subfield code="a">In Māori and English.</marc:subfield></marc:datafield><marc:datafield tag="650" ind1=" " ind2="0"><marc:subfield code="a">Maori language</marc:subfield><marc:subfield code="v">Dictionaries</marc:subfield><marc:subfield code="x">English.</marc:subfield></marc:datafield><marc:datafield tag="650" ind1=" " ind2="0"><marc:subfield code="a">Maori language</marc:subfield><marc:subfield code="x">Dialects</marc:subfield><marc:subfield code="z">New Zealand</marc:subfield><marc:subfield code="z">Waikato.</marc:subfield></marc:datafield><marc:datafield tag="650" ind1=" " ind2="0"><marc:subfield code="a">English language</marc:subfield><marc:subfield code="v">Dictionaries</marc:subfield><marc:subfield code="x">Maori.</marc:subfield></marc:datafield><marc:datafield tag="650" ind1=" " ind2="7"><marc:subfield code="a">Reo Māori.</marc:subfield><marc:subfield code="2">reo</marc:subfield></marc:datafield><marc:datafield tag="650" ind1=" " ind2="7"><marc:subfield code="a">Papakupu.</marc:subfield><marc:subfield code="2">reo</marc:subfield></marc:datafield><marc:datafield tag="650" ind1=" " ind2="7"><marc:subfield code="a">Reorua.</marc:subfield><marc:subfield code="2">reo</marc:subfield></marc:datafield><marc:datafield tag="650" ind1=" " ind2="7"><marc:subfield code="a">Reo ā-iwi.</marc:subfield><marc:subfield code="2">reo</marc:subfield></marc:datafield><marc:datafield tag="700" ind1="1" ind2=" "><marc:subfield code="a">Roa, Raukura,</marc:subfield><marc:subfield code="d">1980-</marc:subfield><marc:subfield code="e">editor.</marc:subfield></marc:datafield><marc:datafield tag="700" ind1="1" ind2=" "><marc:subfield code="a">Papa, Pānia,</marc:subfield><marc:subfield code="e">editor.</marc:subfield></marc:datafield><marc:datafield tag="700" ind1="1" ind2=" "><marc:subfield code="a">Boon, Jarred,</marc:subfield><marc:subfield code="e">editor.</marc:subfield></marc:datafield><marc:datafield tag="700" ind1="1" ind2=" "><marc:subfield code="a">Papa, Rāhui,</marc:subfield><marc:subfield code="e">editor.</marc:subfield></marc:datafield><marc:datafield tag="901" ind1=" " ind2=" "><marc:subfield code="a">CAM</marc:subfield></marc:datafield><marc:datafield tag="942" ind1=" " ind2=" "><marc:subfield code="a">nznb 2019-09</marc:subfield></marc:datafield></marc:record>