
<marc:record><marc:leader>02360cam a2200553 i 4500</marc:leader>
<marc:controlfield tag="001">9918779037102836</marc:controlfield>
<marc:controlfield tag="005">20200703084303.0</marc:controlfield><marc:controlfield tag="008">190910t20192019nz a   a      000 1 eng d</marc:controlfield><marc:datafield tag="020" ind1=" " ind2=" "><marc:subfield code="a">9780473490355</marc:subfield><marc:subfield code="q">paperback</marc:subfield></marc:datafield><marc:datafield tag="020" ind1=" " ind2=" "><marc:subfield code="a">0473490358</marc:subfield><marc:subfield code="q">paperback</marc:subfield></marc:datafield><marc:datafield tag="035" ind1=" " ind2=" "><marc:subfield code="a">(OCoLC)1162944569</marc:subfield></marc:datafield><marc:datafield tag="040" ind1=" " ind2=" "><marc:subfield code="a">NZAUC</marc:subfield><marc:subfield code="b">eng</marc:subfield><marc:subfield code="e">rda</marc:subfield><marc:subfield code="c">NZAUC</marc:subfield><marc:subfield code="d">OCLCO</marc:subfield><marc:subfield code="d">OCLCF</marc:subfield><marc:subfield code="d">OCLCA</marc:subfield><marc:subfield code="d">Nz</marc:subfield></marc:datafield><marc:datafield tag="041" ind1=" " ind2=" "><marc:subfield code="a">eng</marc:subfield><marc:subfield code="a">mao</marc:subfield><marc:subfield code="h">eng</marc:subfield></marc:datafield><marc:datafield tag="042" ind1=" " ind2=" "><marc:subfield code="a">nznb</marc:subfield></marc:datafield><marc:datafield tag="082" ind1="0" ind2="4"><marc:subfield code="a">782.42083</marc:subfield><marc:subfield code="2">23</marc:subfield></marc:datafield><marc:datafield tag="100" ind1="1" ind2=" "><marc:subfield code="a">Williams-Lemi, Siu,</marc:subfield><marc:subfield code="e">lyricist.</marc:subfield></marc:datafield><marc:datafield tag="240" ind1="1" ind2="0"><marc:subfield code="a">Five little birds</marc:subfield></marc:datafield><marc:datafield tag="245" ind1="1" ind2="0"><marc:subfield code="a">E rima ngā manu =</marc:subfield><marc:subfield code="b">Five little birds /</marc:subfield><marc:subfield code="c">lyrics by: Siu Williams-Lemi ; illustrated by Rosina Cater ; Māori lyrics by: Urupikia Minhinnick ; recorded by Siu Williams-Lemi and Leah Williams-Partington.</marc:subfield></marc:datafield><marc:datafield tag="246" ind1="3" ind2="0"><marc:subfield code="a">Five little birds</marc:subfield></marc:datafield><marc:datafield tag="246" ind1="1" ind2=" "><marc:subfield code="i">At head of cover title:</marc:subfield><marc:subfield code="a">Loopy Tunes Preschool Music presents.</marc:subfield></marc:datafield><marc:datafield tag="246" ind1="3" ind2=" "><marc:subfield code="a">5 little birds.</marc:subfield></marc:datafield><marc:datafield tag="264" ind1=" " ind2="1"><marc:subfield code="a">Christchurch, Aotearoa :</marc:subfield><marc:subfield code="b">Kingfisher Publishing Ltd,</marc:subfield><marc:subfield code="c">2019.</marc:subfield></marc:datafield><marc:datafield tag="264" ind1=" " ind2="4"><marc:subfield code="c">©2019</marc:subfield></marc:datafield><marc:datafield tag="300" ind1=" " ind2=" "><marc:subfield code="a">26 pages :</marc:subfield><marc:subfield code="b">colour illustrations ;</marc:subfield><marc:subfield code="c">23 cm.</marc:subfield></marc:datafield><marc:datafield tag="336" ind1=" " ind2=" "><marc:subfield code="a">text</marc:subfield><marc:subfield code="b">txt</marc:subfield><marc:subfield code="2">rdacontent</marc:subfield></marc:datafield><marc:datafield tag="336" ind1=" " ind2=" "><marc:subfield code="a">still image</marc:subfield><marc:subfield code="b">sti</marc:subfield><marc:subfield code="2">rdacontent</marc:subfield></marc:datafield><marc:datafield tag="337" ind1=" " ind2=" "><marc:subfield code="a">unmediated</marc:subfield><marc:subfield code="b">n</marc:subfield><marc:subfield code="2">rdamedia</marc:subfield></marc:datafield><marc:datafield tag="338" ind1=" " ind2=" "><marc:subfield code="a">volume</marc:subfield><marc:subfield code="b">nc</marc:subfield><marc:subfield code="2">rdacarrier</marc:subfield></marc:datafield><marc:datafield tag="500" ind1=" " ind2=" "><marc:subfield code="a">&quot;A Loopy Tunes bilingual song book&quot; --Cover.</marc:subfield></marc:datafield><marc:datafield tag="500" ind1=" " ind2=" "><marc:subfield code="a">Song lyrics in picture book format.</marc:subfield></marc:datafield><marc:datafield tag="500" ind1=" " ind2=" "><marc:subfield code="a">&quot;The two songs are available to download and stream on YouTube, Spotify, Apple Music/iTunes, and all other streaming platforms&quot; --Title page verso.</marc:subfield></marc:datafield><marc:datafield tag="520" ind1=" " ind2=" "><marc:subfield code="a">&quot;Enjoy singing along, as you read the book in Te Reo Māori and English!&quot; --Back cover.</marc:subfield></marc:datafield><marc:datafield tag="546" ind1=" " ind2=" "><marc:subfield code="a">Parallel text in Māori and English.</marc:subfield></marc:datafield><marc:datafield tag="650" ind1=" " ind2="0"><marc:subfield code="a">Birds</marc:subfield><marc:subfield code="z">New Zealand</marc:subfield><marc:subfield code="x">Songs and music</marc:subfield><marc:subfield code="v">Texts.</marc:subfield></marc:datafield><marc:datafield tag="650" ind1=" " ind2="0"><marc:subfield code="a">Children's songs, English</marc:subfield><marc:subfield code="v">Texts.</marc:subfield></marc:datafield><marc:datafield tag="650" ind1=" " ind2="0"><marc:subfield code="a">Children's songs, Maori</marc:subfield><marc:subfield code="v">Texts.</marc:subfield></marc:datafield><marc:datafield tag="650" ind1=" " ind2="7"><marc:subfield code="a">Waiata tamariki.</marc:subfield><marc:subfield code="2">reo</marc:subfield></marc:datafield><marc:datafield tag="650" ind1=" " ind2="7"><marc:subfield code="a">Manu māori.</marc:subfield><marc:subfield code="2">reo</marc:subfield></marc:datafield><marc:datafield tag="650" ind1=" " ind2="7"><marc:subfield code="a">Pukapuka whakaahua.</marc:subfield><marc:subfield code="2">reo</marc:subfield></marc:datafield><marc:datafield tag="650" ind1=" " ind2="7"><marc:subfield code="a">Reorua.</marc:subfield><marc:subfield code="2">reo</marc:subfield></marc:datafield><marc:datafield tag="655" ind1=" " ind2="7"><marc:subfield code="a">Children's songs, New Zealand.</marc:subfield><marc:subfield code="2">local</marc:subfield><marc:subfield code="5">Nz</marc:subfield></marc:datafield><marc:datafield tag="655" ind1=" " ind2="0"><marc:subfield code="a">Picture books for children.</marc:subfield></marc:datafield><marc:datafield tag="700" ind1="1" ind2=" "><marc:subfield code="a">Williams-Partington, Leah.</marc:subfield></marc:datafield><marc:datafield tag="700" ind1="1" ind2=" "><marc:subfield code="a">Cater, Rosina,</marc:subfield><marc:subfield code="e">illustrator.</marc:subfield></marc:datafield><marc:datafield tag="700" ind1="1" ind2=" "><marc:subfield code="a">Minhinnick, Urupikia,</marc:subfield><marc:subfield code="e">translator.</marc:subfield></marc:datafield><marc:datafield tag="700" ind1="1" ind2="2"><marc:subfield code="i">Container of (expression):</marc:subfield><marc:subfield code="a">Williams-Lemi, Siu.</marc:subfield><marc:subfield code="t">Five little birds.</marc:subfield></marc:datafield><marc:datafield tag="700" ind1="1" ind2="2"><marc:subfield code="i">Container of (expression):</marc:subfield><marc:subfield code="a">Williams-Lemi, Siu.</marc:subfield><marc:subfield code="t">Five little birds</marc:subfield><marc:subfield code="l">Maori.</marc:subfield></marc:datafield><marc:datafield tag="901" ind1=" " ind2=" "><marc:subfield code="a">HSL</marc:subfield></marc:datafield><marc:datafield tag="942" ind1=" " ind2=" "><marc:subfield code="a">nznb 2020-07</marc:subfield></marc:datafield></marc:record>