
<marc:record><marc:leader>01852cam a2200421 i 4500</marc:leader>
<marc:controlfield tag="001">9918816873502836</marc:controlfield>
<marc:controlfield tag="005">20200730165244.0</marc:controlfield><marc:controlfield tag="008">190605s2019    nz       b    00| 0 eng  </marc:controlfield><marc:datafield tag="035" ind1=" " ind2=" "><marc:subfield code="a">(OCoLC)1117325572</marc:subfield></marc:datafield><marc:datafield tag="040" ind1=" " ind2=" "><marc:subfield code="a">Nz</marc:subfield><marc:subfield code="b">eng</marc:subfield><marc:subfield code="e">rda</marc:subfield><marc:subfield code="c">Nz</marc:subfield></marc:datafield><marc:datafield tag="041" ind1=" " ind2=" "><marc:subfield code="a">eng</marc:subfield><marc:subfield code="a">mao</marc:subfield></marc:datafield><marc:datafield tag="042" ind1=" " ind2=" "><marc:subfield code="a">nznb</marc:subfield></marc:datafield><marc:datafield tag="043" ind1=" " ind2=" "><marc:subfield code="a">u-nz---</marc:subfield></marc:datafield><marc:datafield tag="100" ind1="1" ind2=" "><marc:subfield code="a">PĀNiA!</marc:subfield><marc:subfield code="c">(Artist)</marc:subfield><marc:subfield code="e">author.</marc:subfield></marc:datafield><marc:datafield tag="245" ind1="1" ind2="0"><marc:subfield code="a">PĀNiA! passport uruwhenua.</marc:subfield></marc:datafield><marc:datafield tag="246" ind1="1" ind2=" "><marc:subfield code="i">Cover also has parallel title:</marc:subfield><marc:subfield code="a">Uruwhenua Aotearoa</marc:subfield></marc:datafield><marc:datafield tag="246" ind1="1" ind2="4"><marc:subfield code="a">Nieuw Zeeland passport</marc:subfield></marc:datafield><marc:datafield tag="264" ind1=" " ind2="1"><marc:subfield code="a">Auckland :</marc:subfield><marc:subfield code="b">Te Tuhi :</marc:subfield><marc:subfield code="b">Mokopōpaki,</marc:subfield><marc:subfield code="c">[2019]</marc:subfield></marc:datafield><marc:datafield tag="300" ind1=" " ind2=" "><marc:subfield code="a">13 pages ;</marc:subfield><marc:subfield code="c">13 cm.</marc:subfield></marc:datafield><marc:datafield tag="336" ind1=" " ind2=" "><marc:subfield code="a">text</marc:subfield><marc:subfield code="2">rdacontent</marc:subfield></marc:datafield><marc:datafield tag="337" ind1=" " ind2=" "><marc:subfield code="a">unmediated</marc:subfield><marc:subfield code="2">rdamedia</marc:subfield></marc:datafield><marc:datafield tag="338" ind1=" " ind2=" "><marc:subfield code="a">volume</marc:subfield><marc:subfield code="2">rdacarrier</marc:subfield></marc:datafield><marc:datafield tag="490" ind1="1" ind2=" "><marc:subfield code="a">Mokopōpaki,</marc:subfield><marc:subfield code="x">2537-8783 ;</marc:subfield><marc:subfield code="v">23 March - 19 May 2019, 1 May - 22 June 2019</marc:subfield></marc:datafield><marc:datafield tag="500" ind1=" " ind2=" "><marc:subfield code="a">Title from colophon.</marc:subfield></marc:datafield><marc:datafield tag="500" ind1=" " ind2=" "><marc:subfield code="a">&quot;Published ... to accompany The True Artist Helps the World by Asking for Trust at Te Tuhi, Pakuranga (23 March - 19 May 2019) and The Dutch Embassy at Mokopōpaki, Auckland (1 May - 22 June 2019)--Colophon.</marc:subfield></marc:datafield><marc:datafield tag="500" ind1=" " ind2=" "><marc:subfield code="a">&quot;Co-curated by Gabriela Salgado, artistic director, Te Tuhi; Mokopōpaki; PĀNiA!; and the artists&quot;--Colophon.</marc:subfield></marc:datafield><marc:datafield tag="546" ind1=" " ind2=" "><marc:subfield code="a">In English and Maori.</marc:subfield></marc:datafield><marc:datafield tag="610" ind1="1" ind2="0"><marc:subfield code="a">PĀNiA!</marc:subfield><marc:subfield code="c">(Artist)</marc:subfield><marc:subfield code="v">Exhibitions.</marc:subfield></marc:datafield><marc:datafield tag="650" ind1=" " ind2="0"><marc:subfield code="a">Art, New Zealand</marc:subfield><marc:subfield code="y">21st century</marc:subfield><marc:subfield code="z">New Zealand</marc:subfield><marc:subfield code="z">Auckland</marc:subfield><marc:subfield code="v">Exhibitions.</marc:subfield></marc:datafield><marc:datafield tag="650" ind1=" " ind2="0"><marc:subfield code="a">Installations (Art)</marc:subfield><marc:subfield code="z">New Zealand</marc:subfield><marc:subfield code="z">Auckland</marc:subfield><marc:subfield code="v">Exhibitions.</marc:subfield></marc:datafield><marc:datafield tag="700" ind1="1" ind2=" "><marc:subfield code="a">Salgado, Gabriela.</marc:subfield></marc:datafield><marc:datafield tag="700" ind1="0" ind2=" "><marc:subfield code="i">Supplement to (work):</marc:subfield><marc:subfield code="a">PĀNiA!</marc:subfield><marc:subfield code="c">(Artist).</marc:subfield><marc:subfield code="t">True artist helps the world by asking for trust</marc:subfield></marc:datafield><marc:datafield tag="700" ind1="0" ind2=" "><marc:subfield code="i">Supplement to (work):</marc:subfield><marc:subfield code="a">PĀNiA!</marc:subfield><marc:subfield code="c">(Artist).</marc:subfield><marc:subfield code="t">Dutch Embassy</marc:subfield></marc:datafield><marc:datafield tag="710" ind1="2" ind2=" "><marc:subfield code="a">Te Tuhi Centre for the Arts,</marc:subfield><marc:subfield code="e">issuing body.</marc:subfield></marc:datafield><marc:datafield tag="710" ind1="2" ind2=" "><marc:subfield code="a">Mokopōpaki (Gallery),</marc:subfield><marc:subfield code="e">issuing body.</marc:subfield></marc:datafield><marc:datafield tag="830" ind1=" " ind2="0"><marc:subfield code="a">Mokopōpaki (Series);</marc:subfield><marc:subfield code="v">23 March - 19 May 2019, 1 May - 22 June 2019.</marc:subfield></marc:datafield><marc:datafield tag="901" ind1=" " ind2=" "><marc:subfield code="a">HTJ</marc:subfield></marc:datafield><marc:datafield tag="942" ind1=" " ind2=" "><marc:subfield code="a">nznb 2019-09</marc:subfield></marc:datafield></marc:record>