
<marc:record><marc:leader>03189pam a2200433 i 4500</marc:leader>
<marc:controlfield tag="001">9918991469002836</marc:controlfield>
<marc:controlfield tag="005">20200922132403.0</marc:controlfield><marc:controlfield tag="006">m|||||o||d||||||||</marc:controlfield><marc:controlfield tag="007">cr#|||||||||||</marc:controlfield><marc:controlfield tag="008">200804t20202020nz      o     00| f mao  </marc:controlfield><marc:datafield tag="020" ind1=" " ind2=" "><marc:subfield code="a">9780143774174</marc:subfield><marc:subfield code="q">online</marc:subfield></marc:datafield><marc:datafield tag="035" ind1=" " ind2=" "><marc:subfield code="a">(OCoLC)1182538402</marc:subfield></marc:datafield><marc:datafield tag="040" ind1=" " ind2=" "><marc:subfield code="a">Nz</marc:subfield><marc:subfield code="b">eng</marc:subfield><marc:subfield code="e">rda</marc:subfield><marc:subfield code="c">Nz</marc:subfield></marc:datafield><marc:datafield tag="041" ind1="1" ind2=" "><marc:subfield code="a">mao</marc:subfield><marc:subfield code="h">eng</marc:subfield></marc:datafield><marc:datafield tag="042" ind1=" " ind2=" "><marc:subfield code="a">nznb</marc:subfield></marc:datafield><marc:datafield tag="100" ind1="1" ind2=" "><marc:subfield code="a">Ihimaera, Witi,</marc:subfield><marc:subfield code="d">1944-</marc:subfield><marc:subfield code="e">author.</marc:subfield></marc:datafield><marc:datafield tag="240" ind1="1" ind2="0"><marc:subfield code="a">Whale rider.</marc:subfield><marc:subfield code="l">Maori</marc:subfield></marc:datafield><marc:datafield tag="245" ind1="1" ind2="3"><marc:subfield code="a">Te kaieke tohorā /</marc:subfield><marc:subfield code="c">nā Witi Ihimaera ; nā Tīmoti Kāretu i whakamāori.</marc:subfield></marc:datafield><marc:datafield tag="250" ind1=" " ind2=" "><marc:subfield code="a">[Revised edition].</marc:subfield></marc:datafield><marc:datafield tag="264" ind1=" " ind2="1"><marc:subfield code="a">[Auckland] :</marc:subfield><marc:subfield code="b">Raupō,</marc:subfield><marc:subfield code="c">[2020]</marc:subfield></marc:datafield><marc:datafield tag="264" ind1=" " ind2="4"><marc:subfield code="c">©2020</marc:subfield></marc:datafield><marc:datafield tag="300" ind1=" " ind2=" "><marc:subfield code="a">1 online resource</marc:subfield></marc:datafield><marc:datafield tag="336" ind1=" " ind2=" "><marc:subfield code="a">text</marc:subfield><marc:subfield code="2">rdacontent</marc:subfield></marc:datafield><marc:datafield tag="337" ind1=" " ind2=" "><marc:subfield code="a">computer</marc:subfield><marc:subfield code="2">rdamedia</marc:subfield></marc:datafield><marc:datafield tag="338" ind1=" " ind2=" "><marc:subfield code="a">online resource</marc:subfield><marc:subfield code="2">rdacarrier</marc:subfield></marc:datafield><marc:datafield tag="347" ind1=" " ind2=" "><marc:subfield code="3">National Library of New Zealand archived copy</marc:subfield><marc:subfield code="a">text file</marc:subfield><marc:subfield code="b">EPUB</marc:subfield></marc:datafield><marc:datafield tag="500" ind1=" " ind2=" "><marc:subfield code="a">Archived by the National Library of New Zealand in EPUB.</marc:subfield><marc:subfield code="5">Nz</marc:subfield></marc:datafield><marc:datafield tag="500" ind1=" " ind2=" "><marc:subfield code="a">Novel.</marc:subfield></marc:datafield><marc:datafield tag="500" ind1=" " ind2=" "><marc:subfield code="a">&quot;The te reo Māori translation of the international bestseller The Whale Rider&quot;--Publisher information.</marc:subfield></marc:datafield><marc:datafield tag="520" ind1=" " ind2=" "><marc:subfield code="a">&quot;Whakamiharo ana tera te tirohanga atu ki a ia, ki te kaieke tohora. I rere atu te wai i a ia, ka hamama tona waha kia taea ai te hau makariri te kupa iho. Ko ana karu e kohara ana i te ahurei. Korekoreko katoa ana te tinana i te rehu taimana. I runga i taua taniwha ano nei he tekoteko paku kua whakairotia, e tino haura ana, e koratarata ana, e tu torotika ana. Ano nei na tona tino kaha, e to ake ana ia i te tohora ki te rangi... Ko Kahutia-te-rangi te kaieke tohora, te tipuna o nga iwi o Te Tai Rawhiti. I haere mai ia i Hawaiki, te kainga o nga Tawhito, ki te tai rawhiti o Aotearoa. No muri mai ko Kahu, te matamua o nga mokopuna tuarua a te whanau. I arohaina ia e ona whanaunga katoa engari ko tera i tino pirangi ia kia aroha atu, kaore i aroha atu — ara, ko tona tipuna tane tuarua.Kua rongo au i a Kui Putiputi e tiwe ana i te hau, ‘E Kahu!’ I te toia iho au e oku putu. Me tu rawa au ka wetewete. I moumou noa iho te wa ki tenei mahi engari he pai ake tera i te toromi. Riro atu ana nga putu i nga au pioi. Ka titiro ake au. I te kimi au i hea ke ra a Kahu. I hikitia ake au e nga ngaru ka tuku iho ano. Ka tiwaha atu au, ‘E Kahu, kaua.’ Kua tae ke atu ia ki te tohora, a, e pupuri ana i te kauwae. Mama noa iho te huri mai i te ao purakau ki te ao tuturu, mai i te whakatangi ki te whakakata. Ko tenei pukapuka ko Te Kaieke Tohora ka whakamanaru i te kaipanui ahakoa pehea te pakeke&quot;--Publisher information.</marc:subfield></marc:datafield><marc:datafield tag="650" ind1=" " ind2="0"><marc:subfield code="a">Maori (New Zealand people)</marc:subfield><marc:subfield code="v">Fiction.</marc:subfield></marc:datafield><marc:datafield tag="650" ind1=" " ind2="7"><marc:subfield code="a">Pakiwaitara.</marc:subfield><marc:subfield code="2">reo</marc:subfield></marc:datafield><marc:datafield tag="655" ind1=" " ind2="7"><marc:subfield code="a">New Zealand fiction</marc:subfield><marc:subfield code="y">20th century.</marc:subfield><marc:subfield code="2">local</marc:subfield><marc:subfield code="5">Nz</marc:subfield></marc:datafield><marc:datafield tag="700" ind1="1" ind2=" "><marc:subfield code="a">Kāretu, T. S.</marc:subfield><marc:subfield code="q">(Tīmoti Sam),</marc:subfield><marc:subfield code="e">translator.</marc:subfield></marc:datafield><marc:datafield tag="700" ind1="1" ind2=" "><marc:subfield code="i">Translation of:</marc:subfield><marc:subfield code="a">Ihimaera, Witi,</marc:subfield><marc:subfield code="d">1944-.</marc:subfield><marc:subfield code="t">Whale rider.</marc:subfield></marc:datafield><marc:datafield tag="776" ind1="0" ind2="8"><marc:subfield code="i">Print version:</marc:subfield><marc:subfield code="t">Kaieke tohorā</marc:subfield><marc:subfield code="z">9780143774167</marc:subfield></marc:datafield><marc:datafield tag="856" ind1="4" ind2="0"><marc:subfield code="u">https://natlib-primo.hosted.exlibrisgroup.com/primo-explore/fulldisplay?docid=NLNZ_ALMA11351806700002836&amp;context=L&amp;vid=NLNZ&amp;search_scope=NLNZ&amp;tab=catalogue&amp;lang=en_US</marc:subfield><marc:subfield code="z">Archived copy available within National Library of New Zealand only</marc:subfield><marc:subfield code="x">Limited On Site Access</marc:subfield></marc:datafield><marc:datafield tag="901" ind1=" " ind2=" "><marc:subfield code="a">SVV</marc:subfield></marc:datafield><marc:datafield tag="942" ind1=" " ind2=" "><marc:subfield code="a">nznb 2020-09</marc:subfield></marc:datafield></marc:record>