
<marc:record><marc:leader>03616cam a2200349 i 4500</marc:leader>
<marc:controlfield tag="001">9918996173602836</marc:controlfield>
<marc:controlfield tag="005">20200904101922.0</marc:controlfield><marc:controlfield tag="008">200323t20202020nz a          000 0 eng d</marc:controlfield><marc:datafield tag="020" ind1=" " ind2=" "><marc:subfield code="a">9781988595153</marc:subfield><marc:subfield code="q">paperback</marc:subfield></marc:datafield><marc:datafield tag="020" ind1=" " ind2=" "><marc:subfield code="a">1988595150</marc:subfield></marc:datafield><marc:datafield tag="035" ind1=" " ind2=" "><marc:subfield code="a">(OCoLC)1164129741</marc:subfield></marc:datafield><marc:datafield tag="040" ind1=" " ind2=" "><marc:subfield code="a">NZHWP</marc:subfield><marc:subfield code="b">eng</marc:subfield><marc:subfield code="e">rda</marc:subfield><marc:subfield code="c">NZHWP</marc:subfield><marc:subfield code="d">NZDUH</marc:subfield><marc:subfield code="d">Nz</marc:subfield></marc:datafield><marc:datafield tag="041" ind1="0" ind2=" "><marc:subfield code="a">eng</marc:subfield><marc:subfield code="a">mao</marc:subfield></marc:datafield><marc:datafield tag="042" ind1=" " ind2=" "><marc:subfield code="a">nznb</marc:subfield></marc:datafield><marc:datafield tag="082" ind1="0" ind2="4"><marc:subfield code="a">NZ821.3</marc:subfield><marc:subfield code="2">23</marc:subfield></marc:datafield><marc:datafield tag="100" ind1="1" ind2=" "><marc:subfield code="a">Christeller, John Tāne,</marc:subfield><marc:subfield code="e">author,</marc:subfield><marc:subfield code="e">artist.</marc:subfield></marc:datafield><marc:datafield tag="245" ind1="1" ind2="0"><marc:subfield code="a">Fragments from an infinite catalogue /</marc:subfield><marc:subfield code="c">John Tāne Christeller.</marc:subfield></marc:datafield><marc:datafield tag="264" ind1=" " ind2="1"><marc:subfield code="a">Wellington, Aotearoa New Zealand :</marc:subfield><marc:subfield code="b">The Cuba Press,</marc:subfield><marc:subfield code="c">[2020]</marc:subfield></marc:datafield><marc:datafield tag="264" ind1=" " ind2="4"><marc:subfield code="c">©2020</marc:subfield></marc:datafield><marc:datafield tag="300" ind1=" " ind2=" "><marc:subfield code="a">86 pages :</marc:subfield><marc:subfield code="b">colour illustrations ;</marc:subfield><marc:subfield code="c">21 cm</marc:subfield></marc:datafield><marc:datafield tag="336" ind1=" " ind2=" "><marc:subfield code="a">text</marc:subfield><marc:subfield code="2">rdacontent</marc:subfield></marc:datafield><marc:datafield tag="336" ind1=" " ind2=" "><marc:subfield code="a">still image</marc:subfield><marc:subfield code="2">rdacontent</marc:subfield></marc:datafield><marc:datafield tag="337" ind1=" " ind2=" "><marc:subfield code="a">unmediated</marc:subfield><marc:subfield code="2">rdamedia</marc:subfield></marc:datafield><marc:datafield tag="338" ind1=" " ind2=" "><marc:subfield code="a">volume</marc:subfield><marc:subfield code="2">rdacarrier</marc:subfield></marc:datafield><marc:datafield tag="500" ind1=" " ind2=" "><marc:subfield code="a">Poems.</marc:subfield></marc:datafield><marc:datafield tag="505" ind1="0" ind2=" "><marc:subfield code="a">Fragments: Gojoseon Ori -- The odyssey: 19 -- On a pot, Sarawak National Museum, Kuching -- Old songs, summer songs -- Blackberrying -- A winter night -- Moonlight cat -- Irises -- On a flyleaf -- Elegy for a dragonfly -- Fragments from an infinite catalogue -- Three smiling witches -- La finca vigia -- Chalk story -- How the leopard lost her spots: a Christmas story -- La vielle charité, Marseille -- Elegy for Ronald -- Walking under the cherry trees -- The fence -- Tetrina for mother and child -- ATTRwt amyloidosis: an aquatic timeline -- In defence of Geoff Cochrane's elderly father -- Shika: Summer's song -- Wingless -- Set square -- On the platform -- On viewing a Chūko at Imbe -- Persimmon -- Fabric Canto -- Ngā whiti o ō tātou whānau: Te poho/fronting up -- He karakia mō te kupenga o te mātauranga -- Ka māwe te rimu -- Elegy -- A poem for Sonny Rata -- Ka rere atu te reo -- Kua tata ngaro tonu -- Te karoro hiakai i Maunganui -- Tangi a te ruru rā -- Te reo o tātahi ki Paekākāriki -- Ka kōrerotia te pūrākau o te Roto-ā-Tara -- Te tōnga -- Te Rangitīkei -- He atatū ki tū toa -- He waiata moe / a lullaby -- Taihoa koe e te pīwaiwaka/Waiting -- Leaving Te Rēinga.</marc:subfield></marc:datafield><marc:datafield tag="520" ind1=" " ind2=" "><marc:subfield code="a">John Tāne Christeller grew up in Upper Hutt. His mother, Flora Christeller, was a New Zealand pioneer potter and father, Gert, sang professionally. As a child he read, sang, painted and potted, and at high school wrote poetry, made ceramic sculpture, played rugby, tennis and the clarinet, while preparing for a career in science. At university he collected contemporary poetry, played rugby, got married and graduated. John joined the DSIR in Palmerston North in 1974 and spent his final year as a scientist in Japan in 2013, the third visit totalling three years there, continuing research on the biochemistry of photosynthesis and more latterly on plant-insect interactions. During his time in Japan he was greatly taken by the woodblock prints of Shodo Iwakagi and Munakata Shiko. Around 1980 John began making handmade Christmas cards for friends, starting with potato prints, switching to screen printing for 20 years. Following a course with Marilyn Webb in 2002 he found his medium, block printing. Soon after, he started writing short poems to 'explain' the prints and after learning te reo, wrote in the language he had fallen in love with. The association of poetry and prints seemed a natural pairing and continues to be his favourite approach. A collection that celebrates a lifetime love of language, and creating poetry &amp; art.</marc:subfield></marc:datafield><marc:datafield tag="545" ind1=" " ind2=" "><marc:subfield code="a">Chiefly in English with some poems in Māori.</marc:subfield></marc:datafield><marc:datafield tag="655" ind1=" " ind2="7"><marc:subfield code="a">Poetry.</marc:subfield><marc:subfield code="2">lcgft</marc:subfield></marc:datafield><marc:datafield tag="655" ind1=" " ind2="7"><marc:subfield code="a">New Zealand poetry</marc:subfield><marc:subfield code="y">21st century.</marc:subfield><marc:subfield code="2">local</marc:subfield><marc:subfield code="5">Nz</marc:subfield></marc:datafield><marc:datafield tag="901" ind1=" " ind2=" "><marc:subfield code="a">CAM</marc:subfield></marc:datafield><marc:datafield tag="942" ind1=" " ind2=" "><marc:subfield code="a">nznb 2020-08</marc:subfield></marc:datafield></marc:record>