
<marc:record><marc:leader>02228cam a2200421 i 4500</marc:leader>
<marc:controlfield tag="001">9918996358402836</marc:controlfield>
<marc:controlfield tag="005">20201106131655.0</marc:controlfield><marc:controlfield tag="008">160613s2019    nz a          00| 0 eng  </marc:controlfield><marc:datafield tag="035" ind1=" " ind2=" "><marc:subfield code="a">(OCoLC)1196207136</marc:subfield></marc:datafield><marc:datafield tag="040" ind1=" " ind2=" "><marc:subfield code="a">Nz</marc:subfield><marc:subfield code="b">eng</marc:subfield><marc:subfield code="e">rda</marc:subfield><marc:subfield code="c">Nz</marc:subfield></marc:datafield><marc:datafield tag="041" ind1="0" ind2=" "><marc:subfield code="a">eng</marc:subfield><marc:subfield code="a">mao</marc:subfield></marc:datafield><marc:datafield tag="042" ind1=" " ind2=" "><marc:subfield code="a">nznb</marc:subfield></marc:datafield><marc:datafield tag="082" ind1="0" ind2="4"><marc:subfield code="a">686.2</marc:subfield><marc:subfield code="2">23</marc:subfield></marc:datafield><marc:datafield tag="245" ind1="0" ind2="2"><marc:subfield code="a">A second packet of waifers with a few more strays picked up along the way.</marc:subfield></marc:datafield><marc:datafield tag="264" ind1=" " ind2="1"><marc:subfield code="a">[Otaki] :</marc:subfield><marc:subfield code="b">[The Stray Waif],</marc:subfield><marc:subfield code="c">[2019?]</marc:subfield></marc:datafield><marc:datafield tag="300" ind1=" " ind2=" "><marc:subfield code="a">1 portfolio (11 sheets (some folded))  :</marc:subfield><marc:subfield code="b">colour illustrations ;</marc:subfield><marc:subfield code="c">23 x 32 cm.</marc:subfield></marc:datafield><marc:datafield tag="336" ind1=" " ind2=" "><marc:subfield code="a">text</marc:subfield><marc:subfield code="2">rdacontent</marc:subfield></marc:datafield><marc:datafield tag="337" ind1=" " ind2=" "><marc:subfield code="a">unmediated</marc:subfield><marc:subfield code="2">rdamedia</marc:subfield></marc:datafield><marc:datafield tag="338" ind1=" " ind2=" "><marc:subfield code="a">volume</marc:subfield><marc:subfield code="2">rdacarrier</marc:subfield></marc:datafield><marc:datafield tag="500" ind1=" " ind2=" "><marc:subfield code="a">Poems, reflections on printing, quotations, keepsakes, and type specimens.</marc:subfield></marc:datafield><marc:datafield tag="500" ind1=" " ind2=" "><marc:subfield code="a">A limited edition of 15 copies.</marc:subfield></marc:datafield><marc:datafield tag="500" ind1=" " ind2=" "><marc:subfield code="a">Printed in black or colour on coloured cards and papers.</marc:subfield></marc:datafield><marc:datafield tag="500" ind1=" " ind2=" "><marc:subfield code="a">Unbound. Loose sheets housed in white paper envelope printed in colour with printer's device stamped in red on verso.</marc:subfield></marc:datafield><marc:datafield tag="505" ind1="0" ind2=" "><marc:subfield code="a">Borders and stuff I have -- Eric Gill on the nature of a private press -- Letterpress rules! -- Waifer number 10 - December 2017 -- A type experiment -- Craftsmanship and the machine / by Francis Meynell -- Letter press rulez OK! -- With twenty-five soldiers of lead he has conquered the world -- The whole duty of typography / Thomas James Cobden-Sanderson -- types I have two Saxon Black -- The paradox of freedom / Karl Popper.</marc:subfield></marc:datafield><marc:datafield tag="546" ind1=" " ind2=" "><marc:subfield code="a">Chiefly in English with some text in Māori.</marc:subfield></marc:datafield><marc:datafield tag="590" ind1=" " ind2=" "><marc:subfield code="a">The Alexander Turnbull Library Rare Book copy. Provenance: donated to the ATL by Peter Andrews of the Stray Waif, June 2020. Each item originally printed in a limited edition, and numbered in pencil by the printer. Copy no. 12. Acc. 407912.</marc:subfield></marc:datafield><marc:datafield tag="650" ind1=" " ind2="0"><marc:subfield code="a">Printing</marc:subfield><marc:subfield code="z">New Zealand</marc:subfield><marc:subfield code="z">Otaki</marc:subfield><marc:subfield code="v">Specimens.</marc:subfield></marc:datafield><marc:datafield tag="650" ind1=" " ind2="0"><marc:subfield code="a">Printing.</marc:subfield></marc:datafield><marc:datafield tag="650" ind1=" " ind2="0"><marc:subfield code="a">Fine books</marc:subfield><marc:subfield code="z">New Zealand</marc:subfield><marc:subfield code="v">Specimens.</marc:subfield></marc:datafield><marc:datafield tag="655" ind1=" " ind2="7"><marc:subfield code="a">Ephemera.</marc:subfield><marc:subfield code="2">rbgenr</marc:subfield></marc:datafield><marc:datafield tag="655" ind1=" " ind2="7"><marc:subfield code="a">Keepsakes.</marc:subfield><marc:subfield code="2">rbgenr</marc:subfield></marc:datafield><marc:datafield tag="655" ind1=" " ind2="7"><marc:subfield code="a">Printers' devices (Printing)</marc:subfield><marc:subfield code="2">rbpri</marc:subfield></marc:datafield><marc:datafield tag="655" ind1=" " ind2="7"><marc:subfield code="a">Color printing (Printing)</marc:subfield><marc:subfield code="2">rbpri</marc:subfield></marc:datafield><marc:datafield tag="700" ind1="1" ind2=" "><marc:subfield code="a">Andrews, Peter</marc:subfield><marc:subfield code="c">(Printer),</marc:subfield><marc:subfield code="e">printer.</marc:subfield></marc:datafield><marc:datafield tag="710" ind1="2" ind2=" "><marc:subfield code="a">Stray Waif (Private press),</marc:subfield><marc:subfield code="e">printer.</marc:subfield></marc:datafield><marc:datafield tag="752" ind1=" " ind2=" "><marc:subfield code="a">New Zealand</marc:subfield><marc:subfield code="d">Otaki.</marc:subfield></marc:datafield><marc:datafield tag="901" ind1=" " ind2=" "><marc:subfield code="a">CAM</marc:subfield></marc:datafield><marc:datafield tag="942" ind1=" " ind2=" "><marc:subfield code="a">nznb 2020-09</marc:subfield></marc:datafield></marc:record>