
<marc:record><marc:leader>03239cam a2200457 i 4500</marc:leader>
<marc:controlfield tag="001">9919004568602836</marc:controlfield>
<marc:controlfield tag="005">20210204082730.0</marc:controlfield><marc:controlfield tag="008">200928t20202020nz a     b    00| 0 eng  </marc:controlfield><marc:datafield tag="020" ind1=" " ind2=" "><marc:subfield code="a">9780473546120</marc:subfield><marc:subfield code="q">print</marc:subfield></marc:datafield><marc:datafield tag="020" ind1=" " ind2=" "><marc:subfield code="a">9780473546144</marc:subfield><marc:subfield code="q">online</marc:subfield></marc:datafield><marc:datafield tag="035" ind1=" " ind2=" "><marc:subfield code="a">(OCoLC)1229168157</marc:subfield></marc:datafield><marc:datafield tag="040" ind1=" " ind2=" "><marc:subfield code="a">Nz</marc:subfield><marc:subfield code="b">eng</marc:subfield><marc:subfield code="e">rda</marc:subfield><marc:subfield code="c">Nz</marc:subfield></marc:datafield><marc:datafield tag="041" ind1=" " ind2=" "><marc:subfield code="a">eng</marc:subfield><marc:subfield code="a">mao</marc:subfield></marc:datafield><marc:datafield tag="042" ind1=" " ind2=" "><marc:subfield code="a">nznb</marc:subfield></marc:datafield><marc:datafield tag="043" ind1=" " ind2=" "><marc:subfield code="a">u-nz---</marc:subfield></marc:datafield><marc:datafield tag="082" ind1="0" ind2="4"><marc:subfield code="a">407.10993</marc:subfield><marc:subfield code="2">23</marc:subfield></marc:datafield><marc:datafield tag="245" ind1="0" ind2="0"><marc:subfield code="a">Tōku anō reo Māori =</marc:subfield><marc:subfield code="b">My very own language /</marc:subfield><marc:subfield code="c">edited by Arapera Card &amp; Janis Carroll-Lind.</marc:subfield></marc:datafield><marc:datafield tag="246" ind1="1" ind2="1"><marc:subfield code="a">My very own language.</marc:subfield></marc:datafield><marc:datafield tag="264" ind1=" " ind2="1"><marc:subfield code="a">Wellington, :</marc:subfield><marc:subfield code="b">Te Rito Maioha Early Childhood New Zealand,</marc:subfield><marc:subfield code="c">2020.</marc:subfield></marc:datafield><marc:datafield tag="264" ind1=" " ind2="4"><marc:subfield code="c">©2020</marc:subfield></marc:datafield><marc:datafield tag="300" ind1=" " ind2=" "><marc:subfield code="a">113 pages :</marc:subfield><marc:subfield code="b">illustrations ;</marc:subfield><marc:subfield code="c">25 cm.</marc:subfield></marc:datafield><marc:datafield tag="336" ind1=" " ind2=" "><marc:subfield code="a">text</marc:subfield><marc:subfield code="2">rdacontent</marc:subfield></marc:datafield><marc:datafield tag="337" ind1=" " ind2=" "><marc:subfield code="a">unmediated</marc:subfield><marc:subfield code="2">rdamedia</marc:subfield></marc:datafield><marc:datafield tag="338" ind1=" " ind2=" "><marc:subfield code="a">volume</marc:subfield><marc:subfield code="2">rdacarrier</marc:subfield></marc:datafield><marc:datafield tag="490" ind1="1" ind2=" "><marc:subfield code="a">Occasional paper series,</marc:subfield><marc:subfield code="x">2423-0685 ;</marc:subfield><marc:subfield code="v">number 3</marc:subfield></marc:datafield><marc:datafield tag="504" ind1=" " ind2=" "><marc:subfield code="a">Includes bibliographical references.</marc:subfield></marc:datafield><marc:datafield tag="505" ind1="2" ind2=" "><marc:subfield code="a">1. Ko tōku reo, ko tōku ao - My language, is my world / Arapera Card -- 2. Ethnicity: Māori, Iwi: Te Arawa / Jessica Tuhega -- 3. Mother tongue / Chrissy Williams -- 4. Ko wai au? : through embracing te reo Māori I am beginning to know who I am / Claire Wilson -- 5. He Māori ahau / Lisa Baker -- 6. Te reo Māori me ōna tikanga / Meri Marshall -- 7. Te reo Māori through Māori pedagogy / Mihiterina Harrington -- 8. Kei hea taku reo? / Paia Taani -- 9. Growing up to learn te reo Māori me ōna tikanga / Rotu Mihaka -- 10. Call to claim the right to speak - Tihei! Mauri ora! / Arapera Card -- 11. Tōku reo, tōku puāwai: My language, my blossoming / Sandra Tuhakaraina -- 12. A default language and culture prioritised over one's own heritage language and culture / Geraldine Koopu -- 13. Constructing Identity : the weaving of words / Tracy Dayman -- 14. He kaakano ahau / Waana Watene -- 15. The unintentional teaching coming through / Winnie Korina -- 16. The whakapapa of my reo / Mero Irihapeti Rokx -- 17. Some unique words I heard and learnt as a child of Ngāti Hine / Mere Coffey-Smith -- 18. Whakamāoritia! Indigenising the teaching and learning of te reo Māori in mainstream early childhood education / Erena Tomoana -- 19. Ngā tamariki o te kohu: whakapapa as a basis for the application of Tātaiako / Paia Taani -- 20. Whiria te tangata, whiria te reo Māori: weaving people, weaving the Māori language / Sandi Tuhakaraina and Tracy Dayman -- 21. Now that I know, I cannot know! / Vanessa Paki.</marc:subfield></marc:datafield><marc:datafield tag="546" ind1=" " ind2=" "><marc:subfield code="a">Chiefly in English with some Māori.</marc:subfield></marc:datafield><marc:datafield tag="650" ind1=" " ind2="0"><marc:subfield code="a">Maori language</marc:subfield><marc:subfield code="x">Spoken Māori</marc:subfield><marc:subfield code="z">New Zealand.</marc:subfield></marc:datafield><marc:datafield tag="650" ind1=" " ind2="0"><marc:subfield code="a">Maori language</marc:subfield><marc:subfield code="x">Spoken Māori</marc:subfield><marc:subfield code="x">anecdotes</marc:subfield><marc:subfield code="z">New Zealand.</marc:subfield></marc:datafield><marc:datafield tag="650" ind1=" " ind2="0"><marc:subfield code="a">Maori (New Zealand people)</marc:subfield><marc:subfield code="v">Biography.</marc:subfield></marc:datafield><marc:datafield tag="650" ind1=" " ind2="0"><marc:subfield code="a">Maori language</marc:subfield><marc:subfield code="x">Study and teaching</marc:subfield><marc:subfield code="z">New Zealand.</marc:subfield></marc:datafield><marc:datafield tag="650" ind1=" " ind2="7"><marc:subfield code="a">Reo Māori.</marc:subfield><marc:subfield code="2">reo</marc:subfield></marc:datafield><marc:datafield tag="650" ind1=" " ind2="7"><marc:subfield code="a">Kōrero taumata.</marc:subfield><marc:subfield code="2">reo</marc:subfield></marc:datafield><marc:datafield tag="700" ind1="1" ind2=" "><marc:subfield code="a">Card, Arapera,</marc:subfield><marc:subfield code="e">editor.</marc:subfield></marc:datafield><marc:datafield tag="700" ind1="1" ind2=" "><marc:subfield code="a">Carroll-Lind, Janis,</marc:subfield><marc:subfield code="d">1955-</marc:subfield><marc:subfield code="e">editor.</marc:subfield></marc:datafield><marc:datafield tag="776" ind1="0" ind2="8"><marc:subfield code="i">Online version</marc:subfield><marc:subfield code="t">Tōku Anō Reo Māori</marc:subfield><marc:subfield code="z">9780473546144</marc:subfield></marc:datafield><marc:datafield tag="710" ind1="2" ind2=" "><marc:subfield code="a">Te Rito Maioha Early Childhood New Zealand (Organisation),</marc:subfield><marc:subfield code="e">issuing body.</marc:subfield></marc:datafield><marc:datafield tag="830" ind1=" " ind2="0"><marc:subfield code="a">Occasional paper series (Te Rito Maioha Early Childhood New Zealand (Organisation)) ;</marc:subfield><marc:subfield code="v">number 3.</marc:subfield></marc:datafield><marc:datafield tag="901" ind1=" " ind2=" "><marc:subfield code="a">KJH</marc:subfield></marc:datafield><marc:datafield tag="942" ind1=" " ind2=" "><marc:subfield code="a">nznb 2021-02</marc:subfield></marc:datafield></marc:record>