
<marc:record><marc:leader>01296cam a2200361 i 4500</marc:leader>
<marc:controlfield tag="001">9919005472602836</marc:controlfield>
<marc:controlfield tag="005">20210707160844.0</marc:controlfield><marc:controlfield tag="008">160613t20202020nz a          00| 0 mao  </marc:controlfield><marc:datafield tag="020" ind1=" " ind2=" "><marc:subfield code="a">9780473545925</marc:subfield><marc:subfield code="q">paperback</marc:subfield></marc:datafield><marc:datafield tag="040" ind1=" " ind2=" "><marc:subfield code="a">Nz</marc:subfield><marc:subfield code="b">eng</marc:subfield><marc:subfield code="e">rda</marc:subfield><marc:subfield code="c">Nz</marc:subfield></marc:datafield><marc:datafield tag="042" ind1=" " ind2=" "><marc:subfield code="a">nznb</marc:subfield></marc:datafield><marc:datafield tag="043" ind1=" " ind2=" "><marc:subfield code="a">u-nz---</marc:subfield></marc:datafield><marc:datafield tag="082" ind1="0" ind2="4"><marc:subfield code="a">993.9313</marc:subfield><marc:subfield code="2">23</marc:subfield></marc:datafield><marc:datafield tag="100" ind1="1" ind2=" "><marc:subfield code="a">Huaki , Aroha,</marc:subfield><marc:subfield code="e">author.</marc:subfield></marc:datafield><marc:datafield tag="245" ind1="1" ind2="5"><marc:subfield code="a">Ngā wai o Mahuta /</marc:subfield><marc:subfield code="c">nā Aroha Huaki rāua ko Daniel Ranga ; na Nikki Kennedy ngā waituhi.</marc:subfield></marc:datafield><marc:datafield tag="264" ind1=" " ind2="1"><marc:subfield code="a">Kirikiriroa, Aotearoa :</marc:subfield><marc:subfield code="b">Te Rūnanga o Ngāti Mahuta ki te Hauāuru,</marc:subfield><marc:subfield code="c">2020.</marc:subfield></marc:datafield><marc:datafield tag="264" ind1=" " ind2="4"><marc:subfield code="c">©2020</marc:subfield></marc:datafield><marc:datafield tag="300" ind1=" " ind2=" "><marc:subfield code="a">27 pages :</marc:subfield><marc:subfield code="b">colour illustrations ;</marc:subfield><marc:subfield code="c">28 cm.</marc:subfield></marc:datafield><marc:datafield tag="336" ind1=" " ind2=" "><marc:subfield code="a">text</marc:subfield><marc:subfield code="2">rdacontent</marc:subfield></marc:datafield><marc:datafield tag="336" ind1=" " ind2=" "><marc:subfield code="a">still image</marc:subfield><marc:subfield code="2">rdacontent</marc:subfield></marc:datafield><marc:datafield tag="337" ind1=" " ind2=" "><marc:subfield code="a">unmediated</marc:subfield><marc:subfield code="2">rdamedia</marc:subfield></marc:datafield><marc:datafield tag="338" ind1=" " ind2=" "><marc:subfield code="a">volume</marc:subfield><marc:subfield code="2">rdacarrier</marc:subfield></marc:datafield><marc:datafield tag="520" ind1=" " ind2=" "><marc:subfield code="a">Introduces the Ngāti Mahuta hapū and its area in Waikato (Maketu and Kawhia) through text, photographs, and waiata.</marc:subfield></marc:datafield><marc:datafield tag="650" ind1=" " ind2="7"><marc:subfield code="a">Pukapuka whakaahau.</marc:subfield><marc:subfield code="2">reo</marc:subfield></marc:datafield><marc:datafield tag="650" ind1=" " ind2="7"><marc:subfield code="a">Kōrero.</marc:subfield><marc:subfield code="2">reo</marc:subfield></marc:datafield><marc:datafield tag="650" ind1=" " ind2="7"><marc:subfield code="a">Hapū.</marc:subfield><marc:subfield code="2">reo</marc:subfield></marc:datafield><marc:datafield tag="650" ind1=" " ind2="7"><marc:subfield code="a">Reo ā-iwi.</marc:subfield><marc:subfield code="2">reo</marc:subfield></marc:datafield><marc:datafield tag="650" ind1=" " ind2="7"><marc:subfield code="a">Waiata.</marc:subfield><marc:subfield code="2">reo</marc:subfield></marc:datafield><marc:datafield tag="650" ind1=" " ind2="7"><marc:subfield code="a">Waiata tohutohu.</marc:subfield><marc:subfield code="2">reo</marc:subfield></marc:datafield><marc:datafield tag="650" ind1=" " ind2="0"><marc:subfield code="a">Ngati Mahuta (New Zealand people)</marc:subfield></marc:datafield><marc:datafield tag="650" ind1=" " ind2="0"><marc:subfield code="a">Ngati Mahuta (New Zealand people)</marc:subfield><marc:subfield code="v">Songs and music</marc:subfield><marc:subfield code="v">Texts.</marc:subfield></marc:datafield><marc:datafield tag="700" ind1="1" ind2=" "><marc:subfield code="a">Kennedy, Nikki,</marc:subfield><marc:subfield code="e">illustrator.</marc:subfield></marc:datafield><marc:datafield tag="700" ind1="1" ind2=" "><marc:subfield code="a">Ranga, Daniel,</marc:subfield><marc:subfield code="e">author.</marc:subfield></marc:datafield></marc:record>