
<marc:record><marc:leader>02559pam a2200493 i 4500</marc:leader>
<marc:controlfield tag="001">9919009560902836</marc:controlfield>
<marc:controlfield tag="005">20210618093241.0</marc:controlfield><marc:controlfield tag="008">201019t20202020nz a     b    00| 0 eng  </marc:controlfield><marc:datafield tag="020" ind1=" " ind2=" "><marc:subfield code="a">9780995118447</marc:subfield><marc:subfield code="q">paperback</marc:subfield></marc:datafield><marc:datafield tag="035" ind1=" " ind2=" "><marc:subfield code="a">(OCoLC)1200842058</marc:subfield></marc:datafield><marc:datafield tag="040" ind1=" " ind2=" "><marc:subfield code="a">Nz</marc:subfield><marc:subfield code="b">eng</marc:subfield><marc:subfield code="e">rda</marc:subfield><marc:subfield code="c">Nz</marc:subfield></marc:datafield><marc:datafield tag="041" ind1=" " ind2=" "><marc:subfield code="a">eng</marc:subfield><marc:subfield code="a">mao</marc:subfield></marc:datafield><marc:datafield tag="042" ind1=" " ind2=" "><marc:subfield code="a">nznb</marc:subfield></marc:datafield><marc:datafield tag="043" ind1=" " ind2=" "><marc:subfield code="a">u-nz---</marc:subfield></marc:datafield><marc:datafield tag="082" ind1="0" ind2="4"><marc:subfield code="a">725.804208999442</marc:subfield><marc:subfield code="2">23</marc:subfield></marc:datafield><marc:datafield tag="245" ind1="0" ind2="0"><marc:subfield code="a">Hinemihi :</marc:subfield><marc:subfield code="b">te hokinga = the return /</marc:subfield><marc:subfield code="c">text: Hamish Coney ; Dr Keri-Anne Wikitera, Lyonel Grant, Jim Schuster ; photographs: Mark Adams.</marc:subfield></marc:datafield><marc:datafield tag="264" ind1=" " ind2="1"><marc:subfield code="a">[Auckland] :</marc:subfield><marc:subfield code="b">Rim Books,</marc:subfield><marc:subfield code="c">2020.</marc:subfield></marc:datafield><marc:datafield tag="264" ind1=" " ind2="4"><marc:subfield code="c">©2020</marc:subfield></marc:datafield><marc:datafield tag="300" ind1=" " ind2=" "><marc:subfield code="a">125 pages :</marc:subfield><marc:subfield code="b">illustrations (some colour) ;</marc:subfield><marc:subfield code="c">31 cm</marc:subfield></marc:datafield><marc:datafield tag="336" ind1=" " ind2=" "><marc:subfield code="a">text</marc:subfield><marc:subfield code="2">rdacontent</marc:subfield></marc:datafield><marc:datafield tag="336" ind1=" " ind2=" "><marc:subfield code="a">still image</marc:subfield><marc:subfield code="2">rdacontent</marc:subfield></marc:datafield><marc:datafield tag="337" ind1=" " ind2=" "><marc:subfield code="a">unmediated</marc:subfield><marc:subfield code="2">rdamedia</marc:subfield></marc:datafield><marc:datafield tag="338" ind1=" " ind2=" "><marc:subfield code="a">volume</marc:subfield><marc:subfield code="2">rdacarrier</marc:subfield></marc:datafield><marc:datafield tag="504" ind1=" " ind2=" "><marc:subfield code="a">Includes bibliographical references.</marc:subfield></marc:datafield><marc:datafield tag="520" ind1=" " ind2=" "><marc:subfield code="a">&quot;Hinemihi o Te Ao Tawhito will soon return to Aotearoa, after over a century standing in the gardens of Clandon Park in Surrey...Hinemihi is the creation of two remarkable Ngāti Tarawhai carvers, Wero Tāroi and Tene Waitere, whose creativity and response to the colonial experience of nineteenth century Aotearoa was the subject of the exhibition by New Zealand photographer Mark Adams...entitled Hinemihi: Te Hokinga – The Return...Hinemihi's story is told via a wealth of previously unpublished images of the whare, and her environment when she stood at Te Wairoa and welcomed guests onto the whenua of Tūhourangi and Ngāti Hinemihi...A compelling case is presented, in interviews with contemporary artists Mark Adams and Lyonel Grant, for the kaupapa of carvers such as Wero Tāroi and Tene Waitere to be placed at the centre of discussions regarding the nature of the artistic canon of Aotearoa&quot;--Front cover flap.</marc:subfield></marc:datafield><marc:datafield tag="610" ind1="2" ind2="0"><marc:subfield code="a">Hinemihi (N.Z.)</marc:subfield></marc:datafield><marc:datafield tag="650" ind1=" " ind2="0"><marc:subfield code="a">Architecture, Maori</marc:subfield><marc:subfield code="z">New Zealand</marc:subfield><marc:subfield code="z">Rotorua.</marc:subfield></marc:datafield><marc:datafield tag="650" ind1=" " ind2="0"><marc:subfield code="a">Wood-carving, Maori</marc:subfield><marc:subfield code="z">New Zealand</marc:subfield><marc:subfield code="z">Rotorua.</marc:subfield></marc:datafield><marc:datafield tag="650" ind1=" " ind2="0"><marc:subfield code="a">Tūhourangi (New Zealand people)</marc:subfield></marc:datafield><marc:datafield tag="650" ind1=" " ind2="0"><marc:subfield code="a">Ngāti Hinemihi (Tūhourangi : New Zealand people)</marc:subfield></marc:datafield><marc:datafield tag="650" ind1=" " ind2="7"><marc:subfield code="a">Whare tūpuna.</marc:subfield><marc:subfield code="2">reo</marc:subfield></marc:datafield><marc:datafield tag="650" ind1=" " ind2="7"><marc:subfield code="a">Whakahoki taonga.</marc:subfield><marc:subfield code="2">reo</marc:subfield></marc:datafield><marc:datafield tag="650" ind1=" " ind2="7"><marc:subfield code="a">Kōrero nehe.</marc:subfield><marc:subfield code="2">reo</marc:subfield></marc:datafield><marc:datafield tag="650" ind1=" " ind2="7"><marc:subfield code="a">Tūpuna.</marc:subfield><marc:subfield code="2">reo</marc:subfield></marc:datafield><marc:datafield tag="650" ind1=" " ind2="7"><marc:subfield code="a">Whakaaturanga toi ataata.</marc:subfield><marc:subfield code="2">reo</marc:subfield></marc:datafield><marc:datafield tag="650" ind1=" " ind2="7"><marc:subfield code="a">Whakairo.</marc:subfield><marc:subfield code="2">reo</marc:subfield></marc:datafield><marc:datafield tag="650" ind1=" " ind2="7"><marc:subfield code="a">Whakaahua.</marc:subfield><marc:subfield code="2">reo</marc:subfield></marc:datafield><marc:datafield tag="700" ind1="1" ind2=" "><marc:subfield code="a">Coney, Hamish.</marc:subfield></marc:datafield><marc:datafield tag="700" ind1="1" ind2=" "><marc:subfield code="a">Wikitera, Keri-Anne.</marc:subfield></marc:datafield><marc:datafield tag="700" ind1="1" ind2=" "><marc:subfield code="a">Grant, Lyonel.</marc:subfield></marc:datafield><marc:datafield tag="700" ind1="1" ind2=" "><marc:subfield code="a">Schuster, James,</marc:subfield><marc:subfield code="e">interviewee.</marc:subfield></marc:datafield><marc:datafield tag="700" ind1="1" ind2=" "><marc:subfield code="a">Adams, Mark,</marc:subfield><marc:subfield code="d">1949-</marc:subfield><marc:subfield code="e">photographer,</marc:subfield><marc:subfield code="e">interviewee.</marc:subfield></marc:datafield><marc:datafield tag="901" ind1=" " ind2=" "><marc:subfield code="a">NRW</marc:subfield></marc:datafield><marc:datafield tag="942" ind1=" " ind2=" "><marc:subfield code="a">nznb 2021-06</marc:subfield></marc:datafield></marc:record>