
<marc:record><marc:leader>03373cam a2200493 i 4500</marc:leader>
<marc:controlfield tag="001">9919162991702836</marc:controlfield>
<marc:controlfield tag="005">20220204150133.0</marc:controlfield><marc:controlfield tag="008">210708t20212021nz a     b    000 0 eng d</marc:controlfield><marc:datafield tag="020" ind1=" " ind2=" "><marc:subfield code="a">9780995132924</marc:subfield><marc:subfield code="q">hardback</marc:subfield></marc:datafield><marc:datafield tag="020" ind1=" " ind2=" "><marc:subfield code="a">0995132925</marc:subfield><marc:subfield code="q">hardback</marc:subfield></marc:datafield><marc:datafield tag="035" ind1=" " ind2=" "><marc:subfield code="a">(OCoLC)1282467908</marc:subfield></marc:datafield><marc:datafield tag="040" ind1=" " ind2=" "><marc:subfield code="a">KOTUI</marc:subfield><marc:subfield code="b">eng</marc:subfield><marc:subfield code="e">rda</marc:subfield><marc:subfield code="c">KOTUI</marc:subfield><marc:subfield code="d">NZTOI</marc:subfield><marc:subfield code="d">Nz</marc:subfield></marc:datafield><marc:datafield tag="041" ind1=" " ind2=" "><marc:subfield code="a">eng</marc:subfield><marc:subfield code="a">mao</marc:subfield></marc:datafield><marc:datafield tag="042" ind1=" " ind2=" "><marc:subfield code="a">nznb</marc:subfield></marc:datafield><marc:datafield tag="043" ind1=" " ind2=" "><marc:subfield code="a">u-nz---</marc:subfield></marc:datafield><marc:datafield tag="050" ind1=" " ind2="4"><marc:subfield code="a">ND1108.T38</marc:subfield><marc:subfield code="b">F44 2021</marc:subfield></marc:datafield><marc:datafield tag="082" ind1="0" ind2="4"><marc:subfield code="a">759.993</marc:subfield><marc:subfield code="2">23</marc:subfield></marc:datafield><marc:datafield tag="100" ind1="1" ind2=" "><marc:subfield code="a">Feeney, Warren,</marc:subfield><marc:subfield code="d">1956-</marc:subfield><marc:subfield code="e">author.</marc:subfield></marc:datafield><marc:datafield tag="245" ind1="1" ind2="0"><marc:subfield code="a">Kelcy Taratoa :</marc:subfield><marc:subfield code="b">who am I? Episode 001 /</marc:subfield><marc:subfield code="c">Warren Feeney, Alice L. Hutchison, Hēni Jacob.</marc:subfield></marc:datafield><marc:datafield tag="264" ind1=" " ind2="1"><marc:subfield code="a">Christchurch, New Zealand :</marc:subfield><marc:subfield code="b">Quentin Wilson Publishing for Tauranga Art Gallery and Toi-Ohomai Institute of Technology,</marc:subfield><marc:subfield code="c">2021.</marc:subfield></marc:datafield><marc:datafield tag="264" ind1=" " ind2="4"><marc:subfield code="c">©2021</marc:subfield></marc:datafield><marc:datafield tag="300" ind1=" " ind2=" "><marc:subfield code="a">112 pages :</marc:subfield><marc:subfield code="b">colour illustrations ;</marc:subfield><marc:subfield code="c">31 cm</marc:subfield></marc:datafield><marc:datafield tag="336" ind1=" " ind2=" "><marc:subfield code="a">text</marc:subfield><marc:subfield code="2">rdacontent</marc:subfield></marc:datafield><marc:datafield tag="336" ind1=" " ind2=" "><marc:subfield code="a">still image</marc:subfield><marc:subfield code="2">rdacontent</marc:subfield></marc:datafield><marc:datafield tag="337" ind1=" " ind2=" "><marc:subfield code="a">unmediated</marc:subfield><marc:subfield code="2">rdamedia</marc:subfield></marc:datafield><marc:datafield tag="338" ind1=" " ind2=" "><marc:subfield code="a">volume</marc:subfield><marc:subfield code="2">rdacarrier</marc:subfield></marc:datafield><marc:datafield tag="500" ind1=" " ind2=" "><marc:subfield code="a">&quot;Exhibited at Tauranga Art Gallery Toi Tauranga 5 October 2019-31 July 2020.&quot;--Page 112.</marc:subfield></marc:datafield><marc:datafield tag="504" ind1=" " ind2=" "><marc:subfield code="a">Includes bibliographical references.</marc:subfield></marc:datafield><marc:datafield tag="505" ind1="0" ind2=" "><marc:subfield code="a">The gap between the real and the unreal = Te Āputa i Waenga i te Ao tuturu me te Ao Mariko -- A universal truth: the world we are part of is the world that shapes our point of view = He Kōrero Pono Tukupū: Ko te Ao e Noho nei Tātou, ko la Anō te Ao ka Whakairo i ō Tatou Whākaaro -- The indigenous and the global: arriving at knowledge and meaning = Ngā Iwi Taketake me te Iwi Nui o te Ao: Te Taenga ki te Mōhiotanga me te Tikanga -- Painting reminds us of our humanness = Ko te Waituhi hei Whakamaumahara ake he Tāngata Tātou -- Spaces without boundaries = Te Kore-tē-Wiwia.</marc:subfield></marc:datafield><marc:datafield tag="520" ind1=" " ind2=" "><marc:subfield code="a">&quot;Who Am I? is a question at the centre of what it is to be human and for artist Kelcy Taratoa (Ngai Te Rangi, Ngati Ranginui, Ngati Raukawa) it has formed the subject of his painting for two decades. Kelcy Taratoa: Who Am I ?... Episode 001 is a bilingual English and Te Reo publication written by Warren Feeney and translated by Heni Jacob (Ngati Raukawa). It traverses the artist's life from growing up in the suburbs of Levin to Te Haka a Te Tupere, the artist's wharenui at Rangiwaea marae in Tauranga Harbour. Through his paintings he contends that contemporary technology's virtual realities and appetite for destruction and distraction is undermining our humanity and experience of the world. Yet painting, that most ancient means of visual communication, is something that continues to remind us of our humanness. His open-hearted discussion ranges from the heroes of favourite Marvel comic books to Māori visual art traditions and their conceptual framework, generously offering all of us a call for reflection and action&quot;--Back cover.</marc:subfield></marc:datafield><marc:datafield tag="546" ind1=" " ind2=" "><marc:subfield code="a">Parallel text in English and Māori.</marc:subfield></marc:datafield><marc:datafield tag="600" ind1="1" ind2="0"><marc:subfield code="a">Taratoa, Kelcy,</marc:subfield><marc:subfield code="d">1972-</marc:subfield><marc:subfield code="x">Exhibitions.</marc:subfield></marc:datafield><marc:datafield tag="650" ind1=" " ind2="0"><marc:subfield code="a">Painting, New Zealand</marc:subfield><marc:subfield code="y">21st century</marc:subfield><marc:subfield code="x">Exhibitions.</marc:subfield></marc:datafield><marc:datafield tag="650" ind1=" " ind2="0"><marc:subfield code="a">Artists, Maori</marc:subfield><marc:subfield code="x">Exhibitions.</marc:subfield></marc:datafield><marc:datafield tag="650" ind1=" " ind2="7"><marc:subfield code="a">Waituhi.</marc:subfield><marc:subfield code="2">reo</marc:subfield></marc:datafield><marc:datafield tag="650" ind1=" " ind2="7"><marc:subfield code="a">Kaipeita.</marc:subfield><marc:subfield code="2">reo</marc:subfield></marc:datafield><marc:datafield tag="650" ind1=" " ind2="7"><marc:subfield code="a">Whakaaturanga toi ataata.</marc:subfield><marc:subfield code="2">reo</marc:subfield></marc:datafield><marc:datafield tag="650" ind1=" " ind2="7"><marc:subfield code="a">Reorua.</marc:subfield><marc:subfield code="2">reo</marc:subfield></marc:datafield><marc:datafield tag="700" ind1="1" ind2=" "><marc:subfield code="a">Hutchison, Alice L.,</marc:subfield><marc:subfield code="e">author.</marc:subfield></marc:datafield><marc:datafield tag="700" ind1="1" ind2=" "><marc:subfield code="a">Jacob, Hēni,</marc:subfield><marc:subfield code="e">author.</marc:subfield></marc:datafield><marc:datafield tag="710" ind1="2" ind2=" "><marc:subfield code="a">Tauranga Art Gallery Toi Tauranga.</marc:subfield></marc:datafield><marc:datafield tag="710" ind1="2" ind2=" "><marc:subfield code="a">Toi Ohomai Institute of Technology.</marc:subfield></marc:datafield><marc:datafield tag="901" ind1=" " ind2=" "><marc:subfield code="a">HSL</marc:subfield></marc:datafield><marc:datafield tag="942" ind1=" " ind2=" "><marc:subfield code="a">nznb 2022-01</marc:subfield></marc:datafield></marc:record>