
<marc:record><marc:leader>01900nam a22003378i 4500</marc:leader>
<marc:controlfield tag="001">9919172578702836</marc:controlfield>
<marc:controlfield tag="005">20220215092743.0</marc:controlfield><marc:controlfield tag="008">220214s2022    nz a          00| 0 eng  </marc:controlfield><marc:datafield tag="020" ind1=" " ind2=" "><marc:subfield code="a">9780143776734</marc:subfield><marc:subfield code="q">hardback</marc:subfield></marc:datafield><marc:datafield tag="035" ind1=" " ind2=" "><marc:subfield code="a">(OCoLC)1296712119</marc:subfield></marc:datafield><marc:datafield tag="040" ind1=" " ind2=" "><marc:subfield code="a">Nz</marc:subfield><marc:subfield code="b">eng</marc:subfield><marc:subfield code="e">rda</marc:subfield><marc:subfield code="c">Nz</marc:subfield></marc:datafield><marc:datafield tag="041" ind1="1" ind2=" "><marc:subfield code="a">eng</marc:subfield><marc:subfield code="a">mao</marc:subfield></marc:datafield><marc:datafield tag="042" ind1=" " ind2=" "><marc:subfield code="a">nznb</marc:subfield></marc:datafield><marc:datafield tag="082" ind1="0" ind2="4"><marc:subfield code="a">704.0399442</marc:subfield><marc:subfield code="2">23</marc:subfield></marc:datafield><marc:datafield tag="130" ind1="1" ind2=" "><marc:subfield code="a">Toi tū, toi ora (2022)</marc:subfield></marc:datafield><marc:datafield tag="245" ind1="1" ind2="0"><marc:subfield code="a">Toi tū, toi ora :</marc:subfield><marc:subfield code="b">contemporary Māori art /</marc:subfield><marc:subfield code="c">edited by Nigel Borell ; with Moana Jackson and Taarati Taiaroa.</marc:subfield></marc:datafield><marc:datafield tag="263" ind1=" " ind2=" "><marc:subfield code="a">2203</marc:subfield></marc:datafield><marc:datafield tag="264" ind1=" " ind2="1"><marc:subfield code="a">Auckland, New Zealand :</marc:subfield><marc:subfield code="b">Penguin Random House New Zealand,</marc:subfield><marc:subfield code="c">2022.</marc:subfield></marc:datafield><marc:datafield tag="300" ind1=" " ind2=" "><marc:subfield code="a">pages cm</marc:subfield></marc:datafield><marc:datafield tag="336" ind1=" " ind2=" "><marc:subfield code="a">text</marc:subfield><marc:subfield code="2">rdacontent</marc:subfield></marc:datafield><marc:datafield tag="337" ind1=" " ind2=" "><marc:subfield code="a">unmediated</marc:subfield><marc:subfield code="2">rdamedia</marc:subfield></marc:datafield><marc:datafield tag="338" ind1=" " ind2=" "><marc:subfield code="a">volume</marc:subfield><marc:subfield code="2">rdacarrier</marc:subfield></marc:datafield><marc:datafield tag="520" ind1=" " ind2=" "><marc:subfield code="a">&quot;Drawing on centuries of indigenous knowledge and skill, it reflects a Maori world view, life in this land and the debates that continue to shape it. Based on the ... 2020-21 exhibition staged by Auckland Art Gallery Toi o Tamaki, and edited by the show’s curator Nigel Borell, Toi Tu Toi Ora tells the story of contemporary Maori art from the 1950s to the present day, with more than 200 works by110 Maori artists. From carving to painting, video art to jewellery, body adornment to weaving, this is a powerful expression of the vast creativity and diversity within Maori art, linked across time and place through the Maori creation story and revealing profound connections to whakapapa, to whenua and to the spiritual world. Every work is illustrated in full colour and described in illuminating captions that are bilingual in English and te reo Maori&quot;--Publisher information.</marc:subfield></marc:datafield><marc:datafield tag="650" ind1=" " ind2="0"><marc:subfield code="a">Art, Maori</marc:subfield><marc:subfield code="y">20th century.</marc:subfield></marc:datafield><marc:datafield tag="650" ind1=" " ind2="0"><marc:subfield code="a">Art, Maori</marc:subfield><marc:subfield code="y">21st century.</marc:subfield></marc:datafield><marc:datafield tag="650" ind1=" " ind2="0"><marc:subfield code="a">Artists, Maori.</marc:subfield></marc:datafield><marc:datafield tag="650" ind1=" " ind2="7"><marc:subfield code="a">Waka toi.</marc:subfield><marc:subfield code="2">reo</marc:subfield></marc:datafield><marc:datafield tag="650" ind1=" " ind2="7"><marc:subfield code="a">Hunga mahi toi.</marc:subfield><marc:subfield code="2">reo</marc:subfield></marc:datafield><marc:datafield tag="700" ind1="1" ind2=" "><marc:subfield code="a">Borell, Nigel,</marc:subfield><marc:subfield code="d">1973-</marc:subfield><marc:subfield code="e">editor.</marc:subfield></marc:datafield><marc:datafield tag="901" ind1=" " ind2=" "><marc:subfield code="a">VEA</marc:subfield></marc:datafield><marc:datafield tag="942" ind1=" " ind2=" "><marc:subfield code="a">nznb 2022-02</marc:subfield></marc:datafield></marc:record>