
<marc:record><marc:leader>05596cam a2200445 i 4500</marc:leader>
<marc:controlfield tag="001">9919094873202836</marc:controlfield>
<marc:controlfield tag="005">20210722085117.0</marc:controlfield><marc:controlfield tag="008">210709t20212021nz       b    00| 0 eng  </marc:controlfield><marc:datafield tag="020" ind1=" " ind2=" "><marc:subfield code="a">9781988591117</marc:subfield><marc:subfield code="q">paperback</marc:subfield></marc:datafield><marc:datafield tag="035" ind1=" " ind2=" "><marc:subfield code="a">(OCoLC)1260710321</marc:subfield></marc:datafield><marc:datafield tag="040" ind1=" " ind2=" "><marc:subfield code="a">Nz</marc:subfield><marc:subfield code="b">eng</marc:subfield><marc:subfield code="e">rda</marc:subfield><marc:subfield code="c">Nz</marc:subfield></marc:datafield><marc:datafield tag="041" ind1=" " ind2=" "><marc:subfield code="a">eng</marc:subfield><marc:subfield code="a">mao</marc:subfield></marc:datafield><marc:datafield tag="042" ind1=" " ind2=" "><marc:subfield code="a">nznb</marc:subfield></marc:datafield><marc:datafield tag="043" ind1=" " ind2=" "><marc:subfield code="a">u-nz---</marc:subfield></marc:datafield><marc:datafield tag="082" ind1="0" ind2="4"><marc:subfield code="a">346.9307</marc:subfield><marc:subfield code="2">23</marc:subfield></marc:datafield><marc:datafield tag="245" ind1="0" ind2="0"><marc:subfield code="a">Waking the taniwha :</marc:subfield><marc:subfield code="b">Māori governance in the 21st century /</marc:subfield><marc:subfield code="c">Robert Joseph and Richard Benton, general editors.</marc:subfield></marc:datafield><marc:datafield tag="264" ind1=" " ind2="1"><marc:subfield code="a">Wellington :</marc:subfield><marc:subfield code="b">Thomson Reuters,</marc:subfield><marc:subfield code="c">[2021]</marc:subfield></marc:datafield><marc:datafield tag="264" ind1=" " ind2="4"><marc:subfield code="c">©2021</marc:subfield></marc:datafield><marc:datafield tag="300" ind1=" " ind2=" "><marc:subfield code="a">xxviii, 1025 pages ;</marc:subfield><marc:subfield code="c">24 cm</marc:subfield></marc:datafield><marc:datafield tag="336" ind1=" " ind2=" "><marc:subfield code="a">text</marc:subfield><marc:subfield code="2">rdacontent</marc:subfield></marc:datafield><marc:datafield tag="337" ind1=" " ind2=" "><marc:subfield code="a">unmediated</marc:subfield><marc:subfield code="2">rdamedia</marc:subfield></marc:datafield><marc:datafield tag="338" ind1=" " ind2=" "><marc:subfield code="a">volume</marc:subfield><marc:subfield code="2">rdacarrier</marc:subfield></marc:datafield><marc:datafield tag="504" ind1=" " ind2=" "><marc:subfield code="a">Includes bibliographical references.</marc:subfield></marc:datafield><marc:datafield tag="505" ind1="0" ind2=" "><marc:subfield code="a">Machine-generated: Introduction / by Robert Joseph -- Part B Ngā Taonga Tuku Iho in Māori Governance -- Mō Muri mā Mua - Going Back to the Future: Lessons from the 1864 Battle of Orakau for Contemporary Māori Governance by Robert Joseph -- Māori Leadership in Governance: A Living Whāriki System by Chellie Spiller -- Infusing Tikanga into Corporate Māori Governance Entities in the Current Legal Framework by Natalie Coates -- Te Kauhanganui: Principles of Tribal Governance by Michael Ross -- The Connected Space of Māori Governance: Towards an Indigenous Conceptual Understanding by Steven Kent -- &quot;Frankenstein Incorporated&quot; v Social Citizen - Learning from Māori Tikanga in Framing New Zealand Corporate Governance Principles by Julie Cassidy -- Part C Treaty Settlements. Treaty Settlements Rōpū (Office of Treaty Settlements) - Crown Policy and Practice on Post-Treaty Settlement Governance by Mark Hickford -- Tūhoe Self-governance: Te Mana o Motuhake o Tūhoe by Jason Paul Mika -- Te Kapua Whakapipi: Ngati Tūwharetoa Governance by Gina Rangi -- Part D Sectoral Governance. Māori Co-governance and/or Co-management of Nature and Environmental Resources by Catherine Iorns Magallanes -- Transforming Iwi Organisations - How Insights into Hybrid Organisations Can Help by Sacha McMeeking -- Māori Governance of Water: Innovation in Reconciliation Agreements by Jacinta Ruru -- Fisheries and Māori Governance by Valmaine Toki -- Governance of National Parks: Is the Law Enabling a Treaty of Waitangi Partnership? by Jacinta Ruru -- Māori Governance in the New Zealand Health System by Amohia Boulton -- Māori Education Through a Human Rights Lens: Learners and Educators as Everyone, No-one, Someone, Complex, and Indigenous Human Rights Holders by Keakaokawai Varner Hemi -- Part E Theoretical and Constitutional Issues. Māori and Constitutional Change by Caren Fox &amp; Matiu Dickson -- Lex Aotearoa: Mapping the Māori Dimension in Modern New Zealand Law by Justice Joseph Williams -- The Vocabulary of Māori Governance by Richard A Benton -- Recognition of Tikanga Māori and the Constitutional Myth of Monolegalism: Reinterpreting Case Law by Claire Charters --Hapū, Iwi, Crown in Ngāpuhi Governance by Mylene M D Rakena &amp; Richard A Benton -- Part F Legal Opportunities and Constraints. Māori Governance and the Exclusive Economic Zone by Catherine Iorns &amp; Rhianna Morar --The Protection of Māori Knowledge and Culture in the Proposed Kermadec Ocean Sanctuary Bill by Eilís Donnelly -- The Potential Effects on Hapū Development of Proposed Reforms Affecting Ahu Whenua Trusts by Layne Harvey -- The Legal Framework Governing Trusts for Māori Organisations and Communities by Joel Manyam  -- Surplus Public Works Land: Power, Relationships, and Accountability by Michael Grayson -- Part G The Way Forward. Towards Self-Determination: Māori Pathways in Decade Two by Mason Durie -- The World Bank Dedicated Grant Mechanism and Māori Governance by Valmaine Toki -- Coming Ready or Not! The Emergence of Māori Hapū and Iwi as a Unique Order of Governance in Aotearoa New Zealand by Nin Tomás -- Māori Environmental Governance and Ecosystem-based Management in Aotearoa, New Zealand by Mylene MD Rakena -- Enhancing the Māori Innovation System by Sarah McMeeking -- The Governance of Mātauranga Māori after Ko Aotearoa Tēnei by Fleur Te Aho – Afterword. Afterword: Ko to Reo te Mauri o te Mana Māori by Richard Benton.</marc:subfield></marc:datafield><marc:datafield tag="520" ind1=" " ind2=" "><marc:subfield code="a">&quot;A comprehensive analysis of the manifestations, complexities and challenges arising out of the development of Māori governance structures post-Treaty of Waitangi settlement period. As well as bringing together the many elements that feed into the governance of Māori corporate entities, the text highlights key principles and best practices of Māori corporate governance... The book is separated into six substantial parts, starting with tikanga and mātauranga Māori in a governance context, then considering treaty settlements, sectoral governance, theoretical and constitutional issues, legal opportunities and constraints, and the way forward&quot;--Back cover.</marc:subfield></marc:datafield><marc:datafield tag="650" ind1=" " ind2="0"><marc:subfield code="a">Corporate governance</marc:subfield><marc:subfield code="x">Law and legislation</marc:subfield><marc:subfield code="z">New Zealand.</marc:subfield></marc:datafield><marc:datafield tag="650" ind1=" " ind2="0"><marc:subfield code="a">Business enterprises, Maori.</marc:subfield></marc:datafield><marc:datafield tag="650" ind1=" " ind2="0"><marc:subfield code="a">Maori (New Zealand people)</marc:subfield><marc:subfield code="x">Politics and government</marc:subfield><marc:subfield code="y">21st century.</marc:subfield></marc:datafield><marc:datafield tag="650" ind1=" " ind2="0"><marc:subfield code="a">Maori (New Zealand people)</marc:subfield><marc:subfield code="x">Government relations.</marc:subfield></marc:datafield><marc:datafield tag="650" ind1=" " ind2="7"><marc:subfield code="a">Pakihi.</marc:subfield><marc:subfield code="2">reo</marc:subfield></marc:datafield><marc:datafield tag="650" ind1=" " ind2="7"><marc:subfield code="a">Mana whakahaere.</marc:subfield><marc:subfield code="2">reo</marc:subfield></marc:datafield><marc:datafield tag="650" ind1=" " ind2="7"><marc:subfield code="a">Ture o te Kāwanatanga.</marc:subfield><marc:subfield code="2">reo</marc:subfield></marc:datafield><marc:datafield tag="650" ind1=" " ind2="7"><marc:subfield code="a">Tikanga.</marc:subfield><marc:subfield code="2">reo</marc:subfield></marc:datafield><marc:datafield tag="650" ind1=" " ind2="7"><marc:subfield code="a">Mātauranga.</marc:subfield><marc:subfield code="2">reo</marc:subfield></marc:datafield><marc:datafield tag="700" ind1="1" ind2=" "><marc:subfield code="a">Joseph, Robert,</marc:subfield><marc:subfield code="d">1968-</marc:subfield><marc:subfield code="e">editor.</marc:subfield></marc:datafield><marc:datafield tag="700" ind1="1" ind2=" "><marc:subfield code="a">Benton, Richard,</marc:subfield><marc:subfield code="e">editor.</marc:subfield></marc:datafield><marc:datafield tag="710" ind1="2" ind2=" "><marc:subfield code="a">University of Waikato.</marc:subfield></marc:datafield><marc:datafield tag="710" ind1="2" ind2=" "><marc:subfield code="a">Ngā Pae o te Māramatanga (Organization)</marc:subfield></marc:datafield><marc:datafield tag="901" ind1=" " ind2=" "><marc:subfield code="a">HSL</marc:subfield></marc:datafield><marc:datafield tag="942" ind1=" " ind2=" "><marc:subfield code="a">nznb 2021-07</marc:subfield></marc:datafield></marc:record>