
<marc:record><marc:leader>06229cam a2200613 i 4500</marc:leader>
<marc:controlfield tag="001">9919108609902836</marc:controlfield>
<marc:controlfield tag="005">20220201110009.0</marc:controlfield><marc:controlfield tag="008">210514t20212021nz abco  b    000 0 eng  </marc:controlfield><marc:datafield tag="010" ind1=" " ind2=" "><marc:subfield code="a">  2020476514</marc:subfield></marc:datafield><marc:datafield tag="020" ind1=" " ind2=" "><marc:subfield code="a">9780473532376</marc:subfield><marc:subfield code="q">softcover</marc:subfield></marc:datafield><marc:datafield tag="020" ind1=" " ind2=" "><marc:subfield code="a">0473532379</marc:subfield><marc:subfield code="q">softcover</marc:subfield></marc:datafield><marc:datafield tag="035" ind1=" " ind2=" "><marc:subfield code="a">(OCoLC)1235821822</marc:subfield></marc:datafield><marc:datafield tag="040" ind1=" " ind2=" "><marc:subfield code="a">DLC</marc:subfield><marc:subfield code="b">eng</marc:subfield><marc:subfield code="e">rda</marc:subfield><marc:subfield code="c">DLC</marc:subfield><marc:subfield code="d">OCLCF</marc:subfield><marc:subfield code="d">UV1</marc:subfield><marc:subfield code="d">NZHWP</marc:subfield><marc:subfield code="d">Z5U</marc:subfield><marc:subfield code="d">OCLCO</marc:subfield><marc:subfield code="d">Nz</marc:subfield></marc:datafield><marc:datafield tag="041" ind1="1" ind2=" "><marc:subfield code="a">eng</marc:subfield><marc:subfield code="a">mao</marc:subfield></marc:datafield><marc:datafield tag="042" ind1=" " ind2=" "><marc:subfield code="a">pcc</marc:subfield><marc:subfield code="a">nznb</marc:subfield></marc:datafield><marc:datafield tag="043" ind1=" " ind2=" "><marc:subfield code="a">u-nz---</marc:subfield></marc:datafield><marc:datafield tag="050" ind1="0" ind2="0"><marc:subfield code="a">GF805</marc:subfield><marc:subfield code="b">.K53 2021</marc:subfield></marc:datafield><marc:datafield tag="082" ind1="0" ind2="4"><marc:subfield code="a">304.20993</marc:subfield><marc:subfield code="2">23</marc:subfield></marc:datafield><marc:datafield tag="245" ind1="0" ind2="0"><marc:subfield code="a">Kia whakanuia te whenua :</marc:subfield><marc:subfield code="b">people, place, landscape /</marc:subfield><marc:subfield code="c">Carolyn Hill (Ed.) for Landscape Foundation ; [original illustrations by Waiari MacMillan].</marc:subfield></marc:datafield><marc:datafield tag="246" ind1="1" ind2="0"><marc:subfield code="a">People, place, landscape</marc:subfield></marc:datafield><marc:datafield tag="264" ind1=" " ind2="1"><marc:subfield code="a">[Pukekohe, New Zealand] :</marc:subfield><marc:subfield code="b">Mary Egan Publishing,</marc:subfield><marc:subfield code="c">2021.</marc:subfield></marc:datafield><marc:datafield tag="264" ind1=" " ind2="4"><marc:subfield code="c">©2021.</marc:subfield></marc:datafield><marc:datafield tag="300" ind1=" " ind2=" "><marc:subfield code="a">341 pages :</marc:subfield><marc:subfield code="b">illustrations (some colour), photographs, portraits, maps ;</marc:subfield><marc:subfield code="c">24 cm.</marc:subfield></marc:datafield><marc:datafield tag="336" ind1=" " ind2=" "><marc:subfield code="a">text</marc:subfield><marc:subfield code="b">txt</marc:subfield><marc:subfield code="2">rdacontent</marc:subfield></marc:datafield><marc:datafield tag="337" ind1=" " ind2=" "><marc:subfield code="a">unmediated</marc:subfield><marc:subfield code="b">n</marc:subfield><marc:subfield code="2">rdamedia</marc:subfield></marc:datafield><marc:datafield tag="338" ind1=" " ind2=" "><marc:subfield code="a">volume</marc:subfield><marc:subfield code="b">nc</marc:subfield><marc:subfield code="2">rdacarrier</marc:subfield></marc:datafield><marc:datafield tag="504" ind1=" " ind2=" "><marc:subfield code="a">Includes bibliographical references.</marc:subfield></marc:datafield><marc:datafield tag="505" ind1="0" ind2=" "><marc:subfield code="t">Ihumatao / Haare Williams -- Introduction. Ngā pūrakau, whenua, whakapapa, tangata = Stories of people, place, landscape / Diane Menzies -- Foreword. Listen to the land / Anne Salmond -- Chapter 1, Wairua o te whenua. Te whakanuia te whenua / Kim Himoana Penetito -- Reading | repositioning | remarking : how not to study &quot;the spirit of the landscape&quot; / Alayna Renata -- On the trail of the &quot;dark and mysterious&quot; : researching the spirit of the land / Jackie Bowring -- The sounds of the whenua / Rachel Shearer</marc:subfield></marc:datafield><marc:datafield tag="505" ind1="0" ind2=" "><marc:subfield code="a">Chapter 2, Pou herenga. Whenua and identity / Wayne Knox -- Raising voices and sharing truths : how aboriginal people are reshaping cities / Timmah Ball -- Exile, belonging, and post-colonialism in an Irish river catchment / Liam Campbell -- Carrying our anchors : one Pākehā's reflection on Kā Huru Manu in a season of change / Carolyn Hill</marc:subfield></marc:datafield><marc:datafield tag="505" ind1="0" ind2=" "><marc:subfield code="a">Chapter 3, Whenua Māori. Whenua Māori and state planning / Lena Henry -- Ahikāroa : to keep the fire burning / Mere Whaanga -- Whakarite, whakaaro, whanake whenua : kaupapa Māori decision-making frameworks for alternative land use assessments / Shaun Awatere and Nikki Harcourt</marc:subfield></marc:datafield><marc:datafield tag="505" ind1="0" ind2=" "><marc:subfield code="a">Chapter 4, Whakarerekē tāone. Aotearoa towns and cities have always been indigenous places / Rebecca Kiddle -- Why landscape research? Nature and intensification in cities / Julian Bolleter and Robert Cameron -- Carbon gardens : garden research in the era of climate crisis / Rod Barnett -- City growth : transformational change to deliver liveability / Lee Beattie -- Indigenous urbanism : seeking genuine decolonisation in the cities of Aotearoa / Jade Kake</marc:subfield></marc:datafield><marc:datafield tag="505" ind1="0" ind2=" "><marc:subfield code="a">Chapter 5, Hīkoi horanuku. Geo-vanitas : painting New Zealand's geology / Andrew Craig -- Manaaki whenua, manaaki tangata : protecting cultural landscapes / William Hatton and Jacqueline Paul -- Making sense of a climate-changed future through place / Giles Marciniak -- The Burren, a land of paradox / Brendan Dunford</marc:subfield></marc:datafield><marc:datafield tag="505" ind1="0" ind2=" "><marc:subfield code="a">Chapter 6, Whare pora. Upholding Papatūānuku's right to support future generations / Fleur Palmer -- Recalling the mauri / Sarah Flynn -- Traditional environmental knowledge and re-wilding the land between two rivers / Lance M. Foster -- Unforeseen effects : integrating land/people wellbeing in landscape management / Clive Anstey -- Braiding the rivers of geomorphology and mātauranga Māori : a case study of landscape healing in Koukourarata / Clare Wilkinson and Angus Macfarlane -- He tatai whenua ; towards developing a Māori landscape classification framework / Jonathan Procter and Garth Harmsworth -- Education at Auckland Zoo : connecting tamariki with native wildlife / Sterling Ruwhiu and Hōhepa Waenga</marc:subfield></marc:datafield><marc:datafield tag="505" ind1="0" ind2=" "><marc:subfield code="a">Chapter 7, Whakahāngai. Identity through whenua / Te Kerekere Roycroft -- The importance of collaborative design-led research for culturally diverse communities / Bruno Marques -- Adventures in a global biodiversity hotspot : connectivity conservation in Southwest Australia / Simon Smale -- Landscapes and wellbeing : evidence-based design / Gayle Souter-Brown -- Land, water, wellbeing : ki uta, ki tai - from mountains to sea / Bela Grimsdale -- Evolving a shared land ethic / Thomas Woltz -- Mitigation measures or good design? Rigorous landscape strategies for urban habitats / Megan Wraight and Nicole Thompson -- Glossary -- Postscript / Lynda Toki.</marc:subfield></marc:datafield><marc:datafield tag="520" ind1=" " ind2=" "><marc:subfield code="a">&quot;Concern for the protection and management of the whenua/land was the inspiration for this publication. Global and local impacts such as climate change and water pollution, and structural issues such as government policy and neoliberal economics have long affected global and local habitats as well as how people perceive, relate to and care for them ... The project is Māori-led, recognising that Māori identity recounted through pepeha or proverbs related to land associations, and Māori understanding of the integration of whenua, tinana and wairua, can teach non-Māori other ways of responding to land and water management issues, to the mauri of the environment ... Our aim is to present a range of ideas, policies, aspects and situations which might change the way we think about environment, land and landscape, and to highlight gaps in knowledge regarding landscape protection issues and management&quot;--Page 18.</marc:subfield></marc:datafield><marc:datafield tag="546" ind1=" " ind2=" "><marc:subfield code="a">In English with occasional Māori, generally with English translation.</marc:subfield></marc:datafield><marc:datafield tag="650" ind1=" " ind2="0"><marc:subfield code="a">Human geography</marc:subfield><marc:subfield code="z">New Zealand.</marc:subfield></marc:datafield><marc:datafield tag="650" ind1=" " ind2="0"><marc:subfield code="a">Human ecology</marc:subfield><marc:subfield code="z">New Zealand.</marc:subfield></marc:datafield><marc:datafield tag="650" ind1=" " ind2="0"><marc:subfield code="a">Environmentalism</marc:subfield><marc:subfield code="z">New Zealand.</marc:subfield></marc:datafield><marc:datafield tag="650" ind1=" " ind2="0"><marc:subfield code="a">Climatic changes</marc:subfield><marc:subfield code="z">New Zealand.</marc:subfield></marc:datafield><marc:datafield tag="650" ind1=" " ind2="0"><marc:subfield code="a">Landscapes</marc:subfield><marc:subfield code="z">New Zealand.</marc:subfield></marc:datafield><marc:datafield tag="650" ind1=" " ind2="0"><marc:subfield code="a">Maori (New Zealand people)</marc:subfield></marc:datafield><marc:datafield tag="650" ind1=" " ind2="7"><marc:subfield code="a">Taiao.</marc:subfield><marc:subfield code="2">reo</marc:subfield></marc:datafield><marc:datafield tag="650" ind1=" " ind2="7"><marc:subfield code="a">Matatika.</marc:subfield><marc:subfield code="2">reo</marc:subfield></marc:datafield><marc:datafield tag="650" ind1=" " ind2="7"><marc:subfield code="a">Whenua.</marc:subfield><marc:subfield code="2">reo</marc:subfield></marc:datafield><marc:datafield tag="650" ind1=" " ind2="7"><marc:subfield code="a">Huringa āhuarangi.</marc:subfield><marc:subfield code="2">reo</marc:subfield></marc:datafield><marc:datafield tag="650" ind1=" " ind2="7"><marc:subfield code="a">Kaitiakitanga.</marc:subfield><marc:subfield code="2">reo</marc:subfield></marc:datafield><marc:datafield tag="650" ind1=" " ind2="7"><marc:subfield code="a">Tāngata whenua.</marc:subfield><marc:subfield code="2">reo</marc:subfield></marc:datafield><marc:datafield tag="650" ind1=" " ind2="7"><marc:subfield code="a">Tua taipūwhenuatanga.</marc:subfield><marc:subfield code="2">reo</marc:subfield></marc:datafield><marc:datafield tag="700" ind1="1" ind2=" "><marc:subfield code="a">Hill, Carolyn,</marc:subfield><marc:subfield code="d">1979-</marc:subfield><marc:subfield code="e">editor.</marc:subfield></marc:datafield><marc:datafield tag="700" ind1="1" ind2=" "><marc:subfield code="a">MacMillan, Waiari,</marc:subfield><marc:subfield code="e">illustrator.</marc:subfield></marc:datafield><marc:datafield tag="710" ind1="2" ind2=" "><marc:subfield code="a">Landscape Foundation (N.Z.),</marc:subfield><marc:subfield code="e">commissioning body.</marc:subfield></marc:datafield><marc:datafield tag="901" ind1=" " ind2=" "><marc:subfield code="a">VEA</marc:subfield></marc:datafield><marc:datafield tag="942" ind1=" " ind2=" "><marc:subfield code="a">nznb 2022-02</marc:subfield></marc:datafield></marc:record>