
<marc:record><marc:leader>02374cam a2200517 i 4500</marc:leader>
<marc:controlfield tag="001">9919116100902836</marc:controlfield>
<marc:controlfield tag="005">20220324103249.0</marc:controlfield><marc:controlfield tag="006">m|||||o||d||||||||</marc:controlfield><marc:controlfield tag="007">cr#|||||||||||</marc:controlfield><marc:controlfield tag="008">130617t20212021nz a   jo     00| 1 eng  </marc:controlfield><marc:datafield tag="020" ind1=" " ind2=" "><marc:subfield code="a">9780473590918</marc:subfield><marc:subfield code="q">epub</marc:subfield></marc:datafield><marc:datafield tag="020" ind1=" " ind2=" "><marc:subfield code="z">9780473590901</marc:subfield><marc:subfield code="q">hardback (print-on-demand)</marc:subfield></marc:datafield><marc:datafield tag="035" ind1=" " ind2=" "><marc:subfield code="a">(OCoLC)1298211008</marc:subfield></marc:datafield><marc:datafield tag="040" ind1=" " ind2=" "><marc:subfield code="a">Nz</marc:subfield><marc:subfield code="b">eng</marc:subfield><marc:subfield code="e">rda</marc:subfield><marc:subfield code="c">Nz</marc:subfield></marc:datafield><marc:datafield tag="041" ind1="1" ind2=" "><marc:subfield code="a">mao</marc:subfield><marc:subfield code="h">eng</marc:subfield></marc:datafield><marc:datafield tag="042" ind1=" " ind2=" "><marc:subfield code="a">nznb</marc:subfield></marc:datafield><marc:datafield tag="100" ind1="1" ind2=" "><marc:subfield code="a">Goodall, Matthew</marc:subfield><marc:subfield code="q">(Matthew Dion),</marc:subfield><marc:subfield code="e">author,</marc:subfield><marc:subfield code="e">artist.</marc:subfield></marc:datafield><marc:datafield tag="240" ind1="1" ind2="0"><marc:subfield code="a">I love you to my heart.</marc:subfield><marc:subfield code="l">Māori</marc:subfield></marc:datafield><marc:datafield tag="245" ind1="1" ind2="0"><marc:subfield code="a">Ka aroha au i a koe ki tōku ngākau /</marc:subfield><marc:subfield code="c">pakiwaitara me whakaahua, Matthew Goodall ; ngā kaiwhakamāori, Kim Telford, Wendy Bailey, Peter Love, Bev James, Anne Dil.</marc:subfield></marc:datafield><marc:datafield tag="250" ind1=" " ind2=" "><marc:subfield code="a">First electronic edition.</marc:subfield></marc:datafield><marc:datafield tag="264" ind1=" " ind2="1"><marc:subfield code="a">[Auckland] :</marc:subfield><marc:subfield code="b">Matthew Goodall,</marc:subfield><marc:subfield code="c">[2021]</marc:subfield></marc:datafield><marc:datafield tag="264" ind1=" " ind2="4"><marc:subfield code="c">©2021</marc:subfield></marc:datafield><marc:datafield tag="300" ind1=" " ind2=" "><marc:subfield code="a">1 online resource :</marc:subfield><marc:subfield code="b">colour illustrations</marc:subfield></marc:datafield><marc:datafield tag="336" ind1=" " ind2=" "><marc:subfield code="a">text</marc:subfield><marc:subfield code="2">rdacontent</marc:subfield></marc:datafield><marc:datafield tag="337" ind1=" " ind2=" "><marc:subfield code="a">computer</marc:subfield><marc:subfield code="2">rdamedia</marc:subfield></marc:datafield><marc:datafield tag="338" ind1=" " ind2=" "><marc:subfield code="a">online resource</marc:subfield><marc:subfield code="2">rdacarrier</marc:subfield></marc:datafield><marc:datafield tag="347" ind1=" " ind2=" "><marc:subfield code="3">National Library of New Zealand archived copy</marc:subfield><marc:subfield code="a">text file</marc:subfield><marc:subfield code="b">EPUB</marc:subfield></marc:datafield><marc:datafield tag="500" ind1=" " ind2=" "><marc:subfield code="a">Archived by the National Library of New Zealand in EPUB.</marc:subfield><marc:subfield code="5">Nz</marc:subfield></marc:datafield><marc:datafield tag="500" ind1=" " ind2=" "><marc:subfield code="a">Hypertext links contained in the archived instances of this title may not be functional.</marc:subfield><marc:subfield code="5">Nz</marc:subfield></marc:datafield><marc:datafield tag="500" ind1=" " ind2=" "><marc:subfield code="a">Picture story book for children.</marc:subfield></marc:datafield><marc:datafield tag="520" ind1=" " ind2=" "><marc:subfield code="a">Two kiwis engage in game of outdoing one another in expressions of love. Includes some facts about kiwi, kauri, tōtara and ponga, and some colouring pages.</marc:subfield></marc:datafield><marc:datafield tag="530" ind1=" " ind2=" "><marc:subfield code="a">Physical version available through print-on-demand.</marc:subfield></marc:datafield><marc:datafield tag="650" ind1=" " ind2="0"><marc:subfield code="a">Kiwis</marc:subfield><marc:subfield code="v">Juvenile fiction.</marc:subfield></marc:datafield><marc:datafield tag="650" ind1=" " ind2="0"><marc:subfield code="a">Love</marc:subfield><marc:subfield code="v">Juvenile fiction.</marc:subfield></marc:datafield><marc:datafield tag="650" ind1=" " ind2="7"><marc:subfield code="a">Kiwi.</marc:subfield><marc:subfield code="2">reo</marc:subfield></marc:datafield><marc:datafield tag="650" ind1=" " ind2="7"><marc:subfield code="a">Aronganui.</marc:subfield><marc:subfield code="2">reo</marc:subfield></marc:datafield><marc:datafield tag="650" ind1=" " ind2="7"><marc:subfield code="a">Manaakitanga.</marc:subfield><marc:subfield code="2">reo</marc:subfield></marc:datafield><marc:datafield tag="650" ind1=" " ind2="7"><marc:subfield code="a">Pakiwaitara.</marc:subfield><marc:subfield code="2">reo</marc:subfield></marc:datafield><marc:datafield tag="650" ind1=" " ind2="7"><marc:subfield code="a">Kōrero paki mā ngā tamariki.</marc:subfield><marc:subfield code="2">reo</marc:subfield></marc:datafield><marc:datafield tag="650" ind1=" " ind2="7"><marc:subfield code="a">Pukapuka whakaahua.</marc:subfield><marc:subfield code="2">reo</marc:subfield></marc:datafield><marc:datafield tag="655" ind1=" " ind2="0"><marc:subfield code="a">Picture books for children.</marc:subfield></marc:datafield><marc:datafield tag="655" ind1=" " ind2="7"><marc:subfield code="a">Children's stories, New Zealand</marc:subfield><marc:subfield code="2">local</marc:subfield><marc:subfield code="5">Nz</marc:subfield></marc:datafield><marc:datafield tag="700" ind1="1" ind2=" "><marc:subfield code="i">Translation of (work):</marc:subfield><marc:subfield code="a">Goodall, Matthew</marc:subfield><marc:subfield code="q">(Matthew Dion).</marc:subfield><marc:subfield code="t">I love you to my heart.</marc:subfield></marc:datafield><marc:datafield tag="856" ind1="4" ind2="0"><marc:subfield code="u">https://natlib-primo.hosted.exlibrisgroup.com/primo-explore/fulldisplay?docid=NLNZ_ALMA11375546900002836&amp;context=L&amp;vid=NLNZ&amp;search_scope=NLNZ&amp;tab=catalogue&amp;lang=en_US</marc:subfield><marc:subfield code="z">Archived copy available within National Library of New Zealand only</marc:subfield><marc:subfield code="x">Limited On Site Access</marc:subfield></marc:datafield><marc:datafield tag="901" ind1=" " ind2=" "><marc:subfield code="a">VEA</marc:subfield></marc:datafield><marc:datafield tag="942" ind1=" " ind2=" "><marc:subfield code="a">nznb 2022-02</marc:subfield></marc:datafield></marc:record>