
<marc:record><marc:leader>06204cam a2200457 i 4500</marc:leader>
<marc:controlfield tag="001">9919139856502836</marc:controlfield>
<marc:controlfield tag="005">20211117141642.0</marc:controlfield><marc:controlfield tag="008">211105t20212021nz a          00| m eng  </marc:controlfield><marc:datafield tag="020" ind1=" " ind2=" "><marc:subfield code="a">9781869409319</marc:subfield><marc:subfield code="q">hardback</marc:subfield></marc:datafield><marc:datafield tag="035" ind1=" " ind2=" "><marc:subfield code="a">(OCoLC)1285508822</marc:subfield></marc:datafield><marc:datafield tag="040" ind1=" " ind2=" "><marc:subfield code="a">Nz</marc:subfield><marc:subfield code="b">eng</marc:subfield><marc:subfield code="e">rda</marc:subfield><marc:subfield code="c">Nz</marc:subfield></marc:datafield><marc:datafield tag="041" ind1="0" ind2=" "><marc:subfield code="a">eng</marc:subfield><marc:subfield code="a">mao</marc:subfield></marc:datafield><marc:datafield tag="042" ind1=" " ind2=" "><marc:subfield code="a">nznb</marc:subfield></marc:datafield><marc:datafield tag="043" ind1=" " ind2=" "><marc:subfield code="a">u-nz---</marc:subfield></marc:datafield><marc:datafield tag="082" ind1="0" ind2="4"><marc:subfield code="a">NZ820.8092066</marc:subfield><marc:subfield code="2">23</marc:subfield></marc:datafield><marc:datafield tag="245" ind1="0" ind2="0"><marc:subfield code="a">Out here :</marc:subfield><marc:subfield code="b">an anthology of Takatāpui and LGBTQIA+ writers from Aotearoa /</marc:subfield><marc:subfield code="c">edited by Chris Tse and Emma Barnes.</marc:subfield></marc:datafield><marc:datafield tag="264" ind1=" " ind2="1"><marc:subfield code="a">Auckland, New Zealand :</marc:subfield><marc:subfield code="b">Auckland University Press,</marc:subfield><marc:subfield code="c">2021.</marc:subfield></marc:datafield><marc:datafield tag="264" ind1=" " ind2="4"><marc:subfield code="c">©2021</marc:subfield></marc:datafield><marc:datafield tag="300" ind1=" " ind2=" "><marc:subfield code="a">367 pages :</marc:subfield><marc:subfield code="b">illustrations (some colour) ;</marc:subfield><marc:subfield code="c">25 cm</marc:subfield></marc:datafield><marc:datafield tag="336" ind1=" " ind2=" "><marc:subfield code="a">text</marc:subfield><marc:subfield code="2">rdacontent</marc:subfield></marc:datafield><marc:datafield tag="336" ind1=" " ind2=" "><marc:subfield code="a">still image</marc:subfield><marc:subfield code="2">rdacontent</marc:subfield></marc:datafield><marc:datafield tag="337" ind1=" " ind2=" "><marc:subfield code="a">unmediated</marc:subfield><marc:subfield code="2">rdamedia</marc:subfield></marc:datafield><marc:datafield tag="338" ind1=" " ind2=" "><marc:subfield code="a">volume</marc:subfield><marc:subfield code="2">rdacarrier</marc:subfield></marc:datafield><marc:datafield tag="500" ind1=" " ind2=" "><marc:subfield code="a">Includes poems, short stories, comics, plays and excerpts from larger works.</marc:subfield></marc:datafield><marc:datafield tag="500" ind1=" " ind2=" "><marc:subfield code="a">[Poem] by Simone Brighton includes square brackets in the title.</marc:subfield></marc:datafield><marc:datafield tag="505" ind1="0" ind2=" "><marc:subfield code="a">Offset / A.J. Fitzwater -- The propeller club / Alison Glenny -- from In translation / Annamarie Jagose -- from Who was that woman, anyway? / Aorewa McLeod -- Good people ; Water levels ; In my memory it is always daytime / Ash Davida Jane -- Girls just wanna have fun ; Nu = Woman ; The end / Cadence Chung -- Winter swimmers ; The year I let my heart go asunder ; Equilibrium of a rigid body / Carolyn DeCarlo -- Jam sandwich on the lawn ; The coconut king / Courtney Sina Meredith -- Sometimes I wonder if my salt water mouth should be allowed to speak at all ; Summer's hot and so is everybody else ; Dirt / Eliana Gray -- Poppers ; Baptism ; Dune / Emer Lyons -- Knot-boy ii / Essa May Ranapiri -- Te Awakairangi / Gem Wilder -- Melt / Gina Cole -- It's a body ; 33/34th year ; Searches related to state / Gus Goldsack -- Stone femme / Gwyn Easterbrook-Smith -- Opening night ; Gender buttons ; Obscured by clouds / Hannah Mettner -- Poems about boys ; My gender ; Farewell to a gender I never loved / Harold Coutts -- Sniffing the roses ; Sometimes after I've seen you ; Things shift / Heather McPherson -- Untitled 404 : after a Cindy Sherman photograph ; I am so in love with you I want to lie down in the middle of a major public intersection and cry ; Love comes back / Hera Lindsay Bird -- Rope ; Follicle ; Born again Māori ; Last born / Hinemoana Baker -- Dancers / Isabelle McNeur -- I am a version of you from the future / Jackson Nieuwland -- Exhibition ; Trinity ; Mikey / Janis Freegard</marc:subfield></marc:datafield><marc:datafield tag="505" ind1="0" ind2=" "><marc:subfield code="a">Kāore e wehi tōku kiri ki te taraongaonga = My skin does not fear the nettle / Jessica Niurangi Mary Maclean -- As my friends consider children ; Myth: a rabbit dies of loneliness ; That hand is for holding / Jiaqiao Liu -- What I wanna be when I grow up ; BODY / Josiah Morgan -- Why girls always go to the bathroom together ; Never underestimate the power of girls who want a secret to keep / Joy Holley -- Dragonfly, dragon / Kerry Donovan Brown -- The thing ; I think I can feel reverberations of something further downstream ; Commuting with Angela / Lily Holloway -- from Eugenia / Lorae Parry -- Vaka-tokatoka (Pasifiqueeredisabled) ; Inside us the dead (London-born version) / Luka Leleiga Lim-Cowley -- Argento builds a relationship ; The intimacy consultant ; Scenes from a gay play / Michael Giacon -- Much too fast ; O, positive, 1993 ; E S T R O G E N / Natasha Dennerstein -- Auntie Marleen ; Remembering them / Ngahuia te Awekotuku -- New transgender blockbusters ; New dictionary ; Small talk  / Oscar Upperton -- The dance party/the other me / Pasan Jayasinghe -- from Dare truth or promise / Paula Boock -- A travelling practice / Pelenakeke Brown -- Sweet nothing / Peter Wells -- from I'm working on a building / Pip Adam -- Your dead language / Rachel O'Neill -- Four experiments ; The Catholic-mobile / Ray Shipley</marc:subfield></marc:datafield><marc:datafield tag="505" ind1="0" ind2=" "><marc:subfield code="a">Fairy floss ; Quad bike farm tour ; Dairy queen / Rebecca Hawkes -- from The skeleton woman / Renée -- The gospel according to longing ; Between ; Embrace / Rhian Gallagher -- Malaysian love story ; Moving in ; Your inheritance tax / Robyn Maree Pickens -- Notes from Mandarin class / Rose Lu -- A list of dreams ; How to tell the truth but tell it slant ; Eel / Ruby Porter -- Both ; Lessons I don't want to teach my daughter ; Rangatahi tū, rangatahi ora / Ruby Solly -- from Riding in cars with (mostly straight) boys / Sam Brooks -- Contact ; On isolation ; On intimacy / Sam Duckor-Jones -- Pride and belonging / Sam Orchard -- Where you find it: a beginner's search for Melbourne's queer kink scene / Samantha Byres -- In the garden of unearthly delights / Sara Knox -- The geographer / Sarah Jane Barnett -- Faux fur pas ; What New Zealand needs / Sarah Laing -- Hiding ; Into the garden ; Pink roses / Semira Davis -- [Poem] ; Poem / Simone Brighton -- The river / Sinead Overbye -- In transition ; The past ; Why I don't own a closet / Siobhan Harvey -- Do not blame me for loving the 2003 film Love, actually ; Unfortunately Pam Beesly I fell in love with you briefly ; Schön / Sophie van Waardenberg -- Beat ; Ipu whenua ; Angelhood / Stacey Teague -- from Shanghai boy / Stevan Eldred-Grigg -- 1981 ; Playing leather ; In a public place people are watching / Sue Fitchett -- from Massive crushes / Uther Dean -- Two-piece bathing suits ; Peanuts pickled in aged vinegar / Vanessa Mei Crofskey -- Donny's dialogue / Victor Rodger -- from The uncle's story / Witi Ihimaera -- Leaving hospital ; A Freudian theory of orthography ; The beach / Zoë Higgins.</marc:subfield></marc:datafield><marc:datafield tag="546" ind1=" " ind2=" "><marc:subfield code="a">Chiefly in English with some text in Māori.</marc:subfield></marc:datafield><marc:datafield tag="650" ind1=" " ind2="0"><marc:subfield code="a">New Zealand literature</marc:subfield><marc:subfield code="y">21st century.</marc:subfield></marc:datafield><marc:datafield tag="650" ind1=" " ind2="0"><marc:subfield code="a">Gay community</marc:subfield><marc:subfield code="z">New Zealand</marc:subfield><marc:subfield code="v">Literary collections.</marc:subfield></marc:datafield><marc:datafield tag="650" ind1=" " ind2="0"><marc:subfield code="a">Lesbian community</marc:subfield><marc:subfield code="z">New Zealand</marc:subfield><marc:subfield code="v">Literary collections.</marc:subfield></marc:datafield><marc:datafield tag="650" ind1=" " ind2="0"><marc:subfield code="a">Sexual minority community</marc:subfield><marc:subfield code="z">New Zealand</marc:subfield><marc:subfield code="v">Literary collections.</marc:subfield></marc:datafield><marc:datafield tag="650" ind1=" " ind2="0"><marc:subfield code="a">Gay culture</marc:subfield><marc:subfield code="z">New Zealand</marc:subfield><marc:subfield code="v">Literary collections.</marc:subfield></marc:datafield><marc:datafield tag="650" ind1=" " ind2="0"><marc:subfield code="a">Sexual minority culture</marc:subfield><marc:subfield code="z">New Zealand</marc:subfield><marc:subfield code="v">Literary collections.</marc:subfield></marc:datafield><marc:datafield tag="650" ind1=" " ind2="7"><marc:subfield code="a">Takatāpui.</marc:subfield><marc:subfield code="2">reo</marc:subfield></marc:datafield><marc:datafield tag="650" ind1=" " ind2="7"><marc:subfield code="a">Tuhinga kōrero.</marc:subfield><marc:subfield code="2">reo</marc:subfield></marc:datafield><marc:datafield tag="700" ind1="1" ind2=" "><marc:subfield code="a">Tse, Chris,</marc:subfield><marc:subfield code="d">1982-</marc:subfield><marc:subfield code="e">editor.</marc:subfield></marc:datafield><marc:datafield tag="700" ind1="1" ind2=" "><marc:subfield code="a">Barnes, Emma</marc:subfield><marc:subfield code="c">(Author)</marc:subfield><marc:subfield code="e">editor.</marc:subfield></marc:datafield><marc:datafield tag="901" ind1=" " ind2=" "><marc:subfield code="a">NRW</marc:subfield></marc:datafield><marc:datafield tag="942" ind1=" " ind2=" "><marc:subfield code="a">nznb 2021-11</marc:subfield></marc:datafield></marc:record>