
<marc:record><marc:leader>02449cam a2200385 i 4500</marc:leader>
<marc:controlfield tag="001">9919139858302836</marc:controlfield>
<marc:controlfield tag="005">20220224130216.0</marc:controlfield><marc:controlfield tag="008">211104t20212021nz            00| f eng  </marc:controlfield><marc:datafield tag="020" ind1=" " ind2=" "><marc:subfield code="a">9780473587338</marc:subfield><marc:subfield code="q">pbk</marc:subfield></marc:datafield><marc:datafield tag="020" ind1=" " ind2=" "><marc:subfield code="z">9780473587345</marc:subfield><marc:subfield code="q">epub</marc:subfield></marc:datafield><marc:datafield tag="020" ind1=" " ind2=" "><marc:subfield code="z">9780473593094</marc:subfield><marc:subfield code="q">softcover</marc:subfield></marc:datafield><marc:datafield tag="035" ind1=" " ind2=" "><marc:subfield code="a">(OCoLC)1286320388</marc:subfield></marc:datafield><marc:datafield tag="040" ind1=" " ind2=" "><marc:subfield code="a">Nz</marc:subfield><marc:subfield code="b">eng</marc:subfield><marc:subfield code="e">rda</marc:subfield><marc:subfield code="c">Nz</marc:subfield></marc:datafield><marc:datafield tag="041" ind1=" " ind2=" "><marc:subfield code="a">eng</marc:subfield><marc:subfield code="a">mao</marc:subfield></marc:datafield><marc:datafield tag="042" ind1=" " ind2=" "><marc:subfield code="a">nznb</marc:subfield></marc:datafield><marc:datafield tag="082" ind1="0" ind2="4"><marc:subfield code="a">NZ823,3</marc:subfield><marc:subfield code="2">23</marc:subfield></marc:datafield><marc:datafield tag="100" ind1="1" ind2=" "><marc:subfield code="a">De Wolf. R.,</marc:subfield><marc:subfield code="e">author.</marc:subfield></marc:datafield><marc:datafield tag="245" ind1="1" ind2="4"><marc:subfield code="a">The future weavers /</marc:subfield><marc:subfield code="c">R. de Wolf.</marc:subfield></marc:datafield><marc:datafield tag="264" ind1=" " ind2="1"><marc:subfield code="a">[Gisborne] :</marc:subfield><marc:subfield code="b">[R. de Wolf],</marc:subfield><marc:subfield code="c">[2021]</marc:subfield></marc:datafield><marc:datafield tag="264" ind1=" " ind2="4"><marc:subfield code="c">©2021</marc:subfield></marc:datafield><marc:datafield tag="300" ind1=" " ind2=" "><marc:subfield code="a">277 pages ;</marc:subfield><marc:subfield code="c">23 cm</marc:subfield></marc:datafield><marc:datafield tag="336" ind1=" " ind2=" "><marc:subfield code="a">text</marc:subfield><marc:subfield code="2">rdacontent</marc:subfield></marc:datafield><marc:datafield tag="337" ind1=" " ind2=" "><marc:subfield code="a">unmediated</marc:subfield><marc:subfield code="2">rdamedia</marc:subfield></marc:datafield><marc:datafield tag="338" ind1=" " ind2=" "><marc:subfield code="a">volume</marc:subfield><marc:subfield code="2">rdacarrier</marc:subfield></marc:datafield><marc:datafield tag="490" ind1="1" ind2=" "><marc:subfield code="a">Spirit voyager series ;</marc:subfield><marc:subfield code="v">book 2</marc:subfield></marc:datafield><marc:datafield tag="500" ind1=" " ind2=" "><marc:subfield code="a">Novel.</marc:subfield></marc:datafield><marc:datafield tag="520" ind1=" " ind2=" "><marc:subfield code="a">&quot;Seven years have elapsed since Marama and her people fled Hawaiki before nature's unfolding wrath. With the guidance of their ancestors, they navigated the ocean, settling in the welcoming arms of Aotearoa. During the turbulent journey, Marama found herself, and let go of grief to love again. Now, her son must return to the islands, as a prophecy foretold. The three men she loves the most, sail without her. To save their undefended village, Marama abandons her people. Lured into the schemes of an unknown tribe's ancestors, Marama strives to find a way to survive. Claimed by a brutal chief, she must gain his favour without being dominated. Manipulated by desperate ancestors, she cannot escape and risk losing her children. She finds herself an object of hatred, in a village that places no value on women. In desperation, Marama must win friends, allies and risk placing her trust in sympathetic captors.  The ancestors and Gods offer the only chance for her to reclaim her freedom. Marama will challenge the inequality and cultural fabric of her adopted village. The struggle to hold fast to her humanity and values, in the face of intergenerational evil, taxes her sorely. If she loses the battle, many lives will be lost, including her own. Isolated, lost, the future is weaving apace&quot;--Back cover.</marc:subfield></marc:datafield><marc:datafield tag="546" ind1=" " ind2=" "><marc:subfield code="a">In English with some Maori.</marc:subfield></marc:datafield><marc:datafield tag="650" ind1=" " ind2="7"><marc:subfield code="a">Pakiwaitara.</marc:subfield><marc:subfield code="2">reo</marc:subfield></marc:datafield><marc:datafield tag="655" ind1=" " ind2="7"><marc:subfield code="a">Historical fiction.</marc:subfield><marc:subfield code="2">lcgft</marc:subfield></marc:datafield><marc:datafield tag="655" ind1=" " ind2="7"><marc:subfield code="a">New Zealand fiction</marc:subfield><marc:subfield code="y">21st century</marc:subfield><marc:subfield code="2">local</marc:subfield><marc:subfield code="5">Nz</marc:subfield></marc:datafield><marc:datafield tag="776" ind1="0" ind2="8"><marc:subfield code="i">Online version:</marc:subfield><marc:subfield code="t">The future weavers</marc:subfield><marc:subfield code="z">9780473587345</marc:subfield></marc:datafield><marc:datafield tag="800" ind1="1" ind2=" "><marc:subfield code="a">De Wolf. R.</marc:subfield><marc:subfield code="t">Spirit voyager series ;</marc:subfield><marc:subfield code="v">bk. 2</marc:subfield></marc:datafield><marc:datafield tag="901" ind1=" " ind2=" "><marc:subfield code="a">DMA</marc:subfield></marc:datafield><marc:datafield tag="942" ind1=" " ind2=" "><marc:subfield code="a">nznb 2021-11</marc:subfield></marc:datafield></marc:record>