
<marc:record><marc:leader>04562cam a2200433 i 4500</marc:leader>
<marc:controlfield tag="001">9919142673202836</marc:controlfield>
<marc:controlfield tag="005">20211125115850.0</marc:controlfield><marc:controlfield tag="006">m|||||o||d||||||||</marc:controlfield><marc:controlfield tag="007">cr#|||||||||||</marc:controlfield><marc:controlfield tag="008">211108s2021    nz a    ob   f00| 0 eng  </marc:controlfield><marc:datafield tag="020" ind1=" " ind2=" "><marc:subfield code="a">9780478430417</marc:subfield><marc:subfield code="q">PDF</marc:subfield></marc:datafield><marc:datafield tag="020" ind1=" " ind2=" "><marc:subfield code="z">9780478430400</marc:subfield><marc:subfield code="q">print</marc:subfield></marc:datafield><marc:datafield tag="035" ind1=" " ind2=" "><marc:subfield code="a">(OCoLC)1286266928</marc:subfield></marc:datafield><marc:datafield tag="040" ind1=" " ind2=" "><marc:subfield code="a">Nz</marc:subfield><marc:subfield code="b">eng</marc:subfield><marc:subfield code="e">rda</marc:subfield><marc:subfield code="c">Nz</marc:subfield></marc:datafield><marc:datafield tag="041" ind1=" " ind2=" "><marc:subfield code="a">eng</marc:subfield><marc:subfield code="a">mao</marc:subfield></marc:datafield><marc:datafield tag="042" ind1=" " ind2=" "><marc:subfield code="a">nznb</marc:subfield></marc:datafield><marc:datafield tag="043" ind1=" " ind2=" "><marc:subfield code="a">u-nz---</marc:subfield></marc:datafield><marc:datafield tag="100" ind1="1" ind2=" "><marc:subfield code="a">Geange, Kate,</marc:subfield><marc:subfield code="e">author.</marc:subfield></marc:datafield><marc:datafield tag="245" ind1="1" ind2="0"><marc:subfield code="a">Mana wāhine :</marc:subfield><marc:subfield code="b">a history of Te Ohu Whakatupu /</marc:subfield><marc:subfield code="c">author: Dr Kate Geange.</marc:subfield></marc:datafield><marc:datafield tag="264" ind1=" " ind2="1"><marc:subfield code="a">Wellington :</marc:subfield><marc:subfield code="b">Manatū Wāhine, Ministry for Women,</marc:subfield><marc:subfield code="c">2021.</marc:subfield></marc:datafield><marc:datafield tag="300" ind1=" " ind2=" "><marc:subfield code="a">1 online resource :</marc:subfield><marc:subfield code="b">illustrations (chiefly colour)</marc:subfield></marc:datafield><marc:datafield tag="336" ind1=" " ind2=" "><marc:subfield code="a">text</marc:subfield><marc:subfield code="2">rdacontent</marc:subfield></marc:datafield><marc:datafield tag="337" ind1=" " ind2=" "><marc:subfield code="a">computer</marc:subfield><marc:subfield code="2">rdamedia</marc:subfield></marc:datafield><marc:datafield tag="338" ind1=" " ind2=" "><marc:subfield code="a">online resource</marc:subfield><marc:subfield code="2">rdacarrier</marc:subfield></marc:datafield><marc:datafield tag="347" ind1=" " ind2=" "><marc:subfield code="3">National Library of New Zealand archived copy</marc:subfield><marc:subfield code="a">text file</marc:subfield><marc:subfield code="b">PDF</marc:subfield></marc:datafield><marc:datafield tag="500" ind1=" " ind2=" "><marc:subfield code="a">Archived by the National Library of New Zealand in PDF.</marc:subfield><marc:subfield code="5">Nz</marc:subfield></marc:datafield><marc:datafield tag="500" ind1=" " ind2=" "><marc:subfield code="a">Hypertext links contained in the archived instances of this title may not be functional.</marc:subfield><marc:subfield code="5">Nz</marc:subfield></marc:datafield><marc:datafield tag="504" ind1=" " ind2=" "><marc:subfield code="a">Includes bibliographical references.</marc:subfield></marc:datafield><marc:datafield tag="520" ind1=" " ind2=" "><marc:subfield code="a">&quot;Mana Wāhine: A history of Te Ohu Whakatupu is a history of the Ministry for Women that primarily focuses on the story of Te Ohu Whakatupu, the Māori Women’s policy unit established immediately after the foundation of the Ministry to serve the interests of wāhine Māori. It investigates and accounts for the dissolution of Te Ohu Whakatupu in 2003. This history finds that Te Ohu Whakatupu was gradually re-structured out of existence because of a large, general policy shift in the design of policy agencies and their relationships with Māori across government in the early 2000s. In the Ministry this shift can be seen in the move towards embedding a Treaty framework into all of the Ministry’s policy work. The main re-structure of the unit into other teams happened in early 2003.  While there was strong funding pressure on the Ministry at this time, that led to staff numbers being severely cut, this was not the key factor in the elimination of Te Ohu Whakatupu. The unit was able to be disestablished because the kaupapa of the unit was restructured gradually as policies were changed. The unit was subsumed into other teams, as it was seen to be in the interest of the kaupapa.  The idea was that the most effective way for Te Ohu Whakatupu to make progress was to input kaupapa principles into all policy work undertaken by the Ministry - specifically through the implementation of Treaty principles into all policy work and legislation undertaken in New Zealand. It was thought that this would then impact the population as a whole, not only Māori. This should have meant that all policy would be designed to respect and improve the lives of Māori, rather than being restricted to a separate workstream or special programmes with a limited impact. The principle behind the move to the Treaty framework was an intention to uphold the interests of the kaupapa, and appeared to be a plausible way of achieving its aims.  By the end of 2003 the unit had been completely lost, as the last of the original staff-members left. It meant that the Ministry no longer had an independent body of wāhine Māori in the public service, representing and advocating for distinctively wāhine Māori perspectives. It also meant that the Ministry no longer had the same connection with Māori communities, as the extensive network of contacts with the community that the staff of Te Ohu Whakatupu had gathered was lost. The Ministry therefore no longer had the same access to the views of Māori women to inform the Ministry’s policy advice. As a consequence the Ministry drifted away from and eventually abandoned almost all policy work targeted directly at, and for, wāhine Māori, up until the current period.  &quot;--Provided by publisher.</marc:subfield></marc:datafield><marc:datafield tag="546" ind1=" " ind2=" "><marc:subfield code="a">In English with some Māori.</marc:subfield></marc:datafield><marc:datafield tag="610" ind1="2" ind2="0"><marc:subfield code="a">New Zealand.</marc:subfield><marc:subfield code="b">Ministry for Women</marc:subfield><marc:subfield code="x">History.</marc:subfield></marc:datafield><marc:datafield tag="650" ind1=" " ind2="7"><marc:subfield code="a">Wāhine.</marc:subfield><marc:subfield code="2">reo</marc:subfield></marc:datafield><marc:datafield tag="650" ind1=" " ind2="7"><marc:subfield code="a">Mana wahine.</marc:subfield><marc:subfield code="2">reo</marc:subfield></marc:datafield><marc:datafield tag="710" ind1="2" ind2=" "><marc:subfield code="a">New Zealand.</marc:subfield><marc:subfield code="b">Ministry for Women,</marc:subfield><marc:subfield code="e">issuing body.</marc:subfield></marc:datafield><marc:datafield tag="776" ind1="0" ind2="8"><marc:subfield code="i">Print version:</marc:subfield><marc:subfield code="t">Mana wāhine</marc:subfield><marc:subfield code="z">9780478430400</marc:subfield></marc:datafield><marc:datafield tag="856" ind1="4" ind2="0"><marc:subfield code="u">https://women.govt.nz/documents/mana-w%C4%81hine-history-te-ohu-whakatupu-2021</marc:subfield></marc:datafield><marc:datafield tag="856" ind1="4" ind2="0"><marc:subfield code="u">https://natlib-primo.hosted.exlibrisgroup.com/primo-explore/fulldisplay?docid=NLNZ_ALMA11371676560002836&amp;context=L&amp;vid=NLNZ&amp;search_scope=NLNZ&amp;tab=catalogue&amp;lang=en_US</marc:subfield><marc:subfield code="z">Archived copy available at the National Library of New Zealand</marc:subfield><marc:subfield code="x">Open Access</marc:subfield></marc:datafield><marc:datafield tag="901" ind1=" " ind2=" "><marc:subfield code="a">DMA</marc:subfield></marc:datafield><marc:datafield tag="942" ind1=" " ind2=" "><marc:subfield code="a">nznb 2021-11</marc:subfield></marc:datafield></marc:record>