
<marc:record><marc:leader>03977cam a2200445 i 4500</marc:leader>
<marc:controlfield tag="001">9919149687302836</marc:controlfield>
<marc:controlfield tag="005">20220317091453.0</marc:controlfield><marc:controlfield tag="008">211215t20212021nz b          000 m eng  </marc:controlfield><marc:datafield tag="020" ind1=" " ind2=" "><marc:subfield code="a">9780473580858</marc:subfield><marc:subfield code="q">paperback</marc:subfield></marc:datafield><marc:datafield tag="020" ind1=" " ind2=" "><marc:subfield code="a">0473580853</marc:subfield><marc:subfield code="q">paperback</marc:subfield></marc:datafield><marc:datafield tag="035" ind1=" " ind2=" "><marc:subfield code="a">(OCoLC)1290437531</marc:subfield></marc:datafield><marc:datafield tag="040" ind1=" " ind2=" "><marc:subfield code="a">NZAUC</marc:subfield><marc:subfield code="b">eng</marc:subfield><marc:subfield code="e">rda</marc:subfield><marc:subfield code="c">NZAUC</marc:subfield><marc:subfield code="d">NZHWP</marc:subfield><marc:subfield code="d">OCLCO</marc:subfield><marc:subfield code="d">OCLCF</marc:subfield><marc:subfield code="d">Nz</marc:subfield></marc:datafield><marc:datafield tag="041" ind1="1" ind2=" "><marc:subfield code="a">eng</marc:subfield><marc:subfield code="a">mao</marc:subfield></marc:datafield><marc:datafield tag="042" ind1=" " ind2=" "><marc:subfield code="a">nznb</marc:subfield></marc:datafield><marc:datafield tag="043" ind1=" " ind2=" "><marc:subfield code="a">u-nz---</marc:subfield></marc:datafield><marc:datafield tag="082" ind1="0" ind2="4"><marc:subfield code="a">NZ820.8089944209313</marc:subfield><marc:subfield code="2">23</marc:subfield></marc:datafield><marc:datafield tag="245" ind1="1" ind2="5"><marc:subfield code="a">Ngā ripo wai =</marc:subfield><marc:subfield code="b">Swirling waters : a Kerikeri anthology /</marc:subfield><marc:subfield code="c">edited by Kathy Derrick, Jac Jenkins and Kipa Munro.</marc:subfield></marc:datafield><marc:datafield tag="246" ind1="3" ind2="3"><marc:subfield code="a">Swirling waters</marc:subfield></marc:datafield><marc:datafield tag="264" ind1=" " ind2="1"><marc:subfield code="a">Kerikeri, Aotearoa New Zealand :</marc:subfield><marc:subfield code="b">Pavlova Press NZ,</marc:subfield><marc:subfield code="c">2021.</marc:subfield></marc:datafield><marc:datafield tag="264" ind1=" " ind2="4"><marc:subfield code="c">©2021</marc:subfield></marc:datafield><marc:datafield tag="300" ind1=" " ind2=" "><marc:subfield code="a">124 pages :</marc:subfield><marc:subfield code="b">maps ;</marc:subfield><marc:subfield code="c">21 cm</marc:subfield></marc:datafield><marc:datafield tag="336" ind1=" " ind2=" "><marc:subfield code="a">text</marc:subfield><marc:subfield code="b">txt</marc:subfield><marc:subfield code="2">rdacontent</marc:subfield></marc:datafield><marc:datafield tag="337" ind1=" " ind2=" "><marc:subfield code="a">unmediated</marc:subfield><marc:subfield code="b">n</marc:subfield><marc:subfield code="2">rdamedia</marc:subfield></marc:datafield><marc:datafield tag="338" ind1=" " ind2=" "><marc:subfield code="a">volume</marc:subfield><marc:subfield code="b">nc</marc:subfield><marc:subfield code="2">rdacarrier</marc:subfield></marc:datafield><marc:datafield tag="500" ind1=" " ind2=" "><marc:subfield code="a">Poems and short stories.</marc:subfield></marc:datafield><marc:datafield tag="505" ind1="0" ind2=" "><marc:subfield code="a">Te riu o Ngāti Rēhia -- Tamihana's garden -- Kororipo Pā faces Stone Store -- Hemi George's driveway -- Home -- Kerikeri to Awanui -- Northland river koromiko -- Kororipo Pā -- A mission timeline - The jetty -- sun-made sequins -- Paradise found? -- Lonely words of Kororipo Pā -- John Keats's Kerikeri field notes -- Fiery, fiery night -- Quercus (oak) -- Escape from an English village -- ko te mana tū -- Oranges -- Rangatira o Kororipo: Hongi Hika -- Kill or cure -- Orangins -- Glow-worms at Kerikeri, how's that now? -- The oldest wooden building in New Zealand -- Pepeha of Manako (Kerikeri) -- A Kerikeri farm girl's day -- Kemp House -- The tie pin -- There was a time -- Waves of settlement -- Kerikeri listing -- seven white spoonbills -- Written -- A satirical glossary -- Non-native -- The koru -- hāpaitia tērā, i hāpaitia i ahau --  At Kerikeri River -- House on the hill -- even in gumboots and grey weather -- Pyrus communis (pear tree) -- Central Motel -- Safe landing -- Kerikeri meant fencing --My home -- Nativity lesson -- Rangatira o Kororipo: Rewa -- reef heron -- White lies -- Hohou te rongo | To make peace -- Koha -- Flood of '81 -- White -- he tino mā ā kerikeri? -- fishing the inlet -- Rangatira o Kororipo: Tāreha -- ko kerikeri he tūruapō | kerikeri as epiphany -- Waiting for Arorangi -- Eruption at Whakaari -- Up the Kerikeri Inlet on a steam boat -- There is not grass in Rangihoua Bay -- Te Awa o Ngā Rangatira | The River of Chiefs -- Letter to my daughter -- ko te ārautanga -- Lemons</marc:subfield></marc:datafield><marc:datafield tag="520" ind1=" " ind2=" "><marc:subfield code="a">&quot;Kororipo Pa faces Stone Store across an inlet fringed with northern trees history looks different here ... This multi-genre anthology in te reo Maori and English explores the uneven terrain of Kerikeri and its history, from the pa to the store, from the warrior to the gardener, from the chainmail coat to the black singlet to the Maori Battalion tie-pin, from the orchards to the river banks, from the airport to the Old Packhouse Market and the galleries. Here is a beautiful, undulating landscape of poems, ultra-short stories, interviews and histories from writers with a Kerikeri connection, including Glenn Colquhoun, Fiona Kidman, Piet Nieuwland, Vivienne Plumb, Vaughan Rapatahana, Briar Wood and others. Here are fascinating strata of love and loss, community and tensions, nature and settlement. Here are the floods, the mountains, the dusty roads, the turbulent waters of the basin, the views from near and far. Here is Kerikeri, New Zealand's longest continually occupied joint Maori-European settlement.&quot; --Publisher description.</marc:subfield></marc:datafield><marc:datafield tag="546" ind1=" " ind2=" "><marc:subfield code="a">In Māori and English.</marc:subfield></marc:datafield><marc:datafield tag="650" ind1=" " ind2="0"><marc:subfield code="a">Maori poetry.</marc:subfield></marc:datafield><marc:datafield tag="650" ind1=" " ind2="0"><marc:subfield code="a">New Zealand poetry</marc:subfield><marc:subfield code="y">21st century.</marc:subfield></marc:datafield><marc:datafield tag="650" ind1=" " ind2="0"><marc:subfield code="a">Short stories, New Zealand.</marc:subfield></marc:datafield><marc:datafield tag="650" ind1=" " ind2="7"><marc:subfield code="a">Tuhinga auaha.</marc:subfield><marc:subfield code="2">reo</marc:subfield></marc:datafield><marc:datafield tag="650" ind1=" " ind2="7"><marc:subfield code="a">Paenga kōrero.</marc:subfield><marc:subfield code="2">reo</marc:subfield></marc:datafield><marc:datafield tag="650" ind1=" " ind2="7"><marc:subfield code="a">Kōrero nehe.</marc:subfield><marc:subfield code="2">reo</marc:subfield></marc:datafield><marc:datafield tag="655" ind1=" " ind2="7"><marc:subfield code="a">Short stories.</marc:subfield><marc:subfield code="2">lcgft</marc:subfield></marc:datafield><marc:datafield tag="700" ind1="1" ind2=" "><marc:subfield code="a">Derrick, Kathy,</marc:subfield><marc:subfield code="e">editor.</marc:subfield></marc:datafield><marc:datafield tag="700" ind1="1" ind2=" "><marc:subfield code="a">Jenkins, Jac,</marc:subfield><marc:subfield code="e">editor.</marc:subfield></marc:datafield><marc:datafield tag="700" ind1="1" ind2=" "><marc:subfield code="a">Munro, Kipa,</marc:subfield><marc:subfield code="e">editor.</marc:subfield></marc:datafield><marc:datafield tag="901" ind1=" " ind2=" "><marc:subfield code="a">CAM</marc:subfield></marc:datafield><marc:datafield tag="942" ind1=" " ind2=" "><marc:subfield code="a">nznb 2022-03</marc:subfield></marc:datafield></marc:record>