
<marc:record><marc:leader>01460cam a2200325 i 4500</marc:leader>
<marc:controlfield tag="001">9919153889602836</marc:controlfield>
<marc:controlfield tag="005">20220317103721.0</marc:controlfield><marc:controlfield tag="008">211214s2021    nz a         l00| 0 mao  </marc:controlfield><marc:datafield tag="035" ind1=" " ind2=" "><marc:subfield code="a">(OCoLC)1303915757</marc:subfield></marc:datafield><marc:datafield tag="040" ind1=" " ind2=" "><marc:subfield code="a">Nz</marc:subfield><marc:subfield code="b">eng</marc:subfield><marc:subfield code="e">rda</marc:subfield><marc:subfield code="c">Nz</marc:subfield></marc:datafield><marc:datafield tag="041" ind1=" " ind2=" "><marc:subfield code="a">mao</marc:subfield><marc:subfield code="h">eng</marc:subfield></marc:datafield><marc:datafield tag="042" ind1=" " ind2=" "><marc:subfield code="a">nznb</marc:subfield></marc:datafield><marc:datafield tag="043" ind1=" " ind2=" "><marc:subfield code="a">u-nz---</marc:subfield></marc:datafield><marc:datafield tag="110" ind1="1" ind2=" "><marc:subfield code="a">Wellington (N.Z.).</marc:subfield><marc:subfield code="b">City Council,</marc:subfield><marc:subfield code="e">author.</marc:subfield></marc:datafield><marc:datafield tag="240" ind1="1" ind2="3"><marc:subfield code="a">He mahere mokowā mō Pōneke</marc:subfield><marc:subfield code="l">Māori</marc:subfield></marc:datafield><marc:datafield tag="245" ind1="1" ind2="3"><marc:subfield code="a">He mahere mokowā mō Pōneke =</marc:subfield><marc:subfield code="b">a spatial plan for Wellington City : whakarāpopototanga.</marc:subfield></marc:datafield><marc:datafield tag="264" ind1=" " ind2="1"><marc:subfield code="a">[Wellington] :</marc:subfield><marc:subfield code="b">Wellington City Council,</marc:subfield><marc:subfield code="c">[2021]</marc:subfield></marc:datafield><marc:datafield tag="300" ind1=" " ind2=" "><marc:subfield code="a">43 pages :</marc:subfield><marc:subfield code="b">colour illustrations ;</marc:subfield><marc:subfield code="c">30 cm</marc:subfield></marc:datafield><marc:datafield tag="336" ind1=" " ind2=" "><marc:subfield code="a">text</marc:subfield><marc:subfield code="2">rdacontent</marc:subfield></marc:datafield><marc:datafield tag="337" ind1=" " ind2=" "><marc:subfield code="a">unmediated</marc:subfield><marc:subfield code="2">rdamedia</marc:subfield></marc:datafield><marc:datafield tag="338" ind1=" " ind2=" "><marc:subfield code="a">volume</marc:subfield><marc:subfield code="2">rdacarrier</marc:subfield></marc:datafield><marc:datafield tag="520" ind1=" " ind2=" "><marc:subfield code="a">&quot;Ko te Mahere Mokowā nei hei mahere matua mō te āhuao Pōneke hei te anamata. Ko ēhea ngā wāhi e hiahia ana angāi Pōneke ki te whakawhanake? Me pēhea, ā, ka pēheanei hoki te nui? Ka pēhea tā ngā kainoho me te Kauniheramanaaki i ngā mea e motuhake ai a Pōneke i tēnei wā, ā,haere ake nei?&quot;--Page 6.</marc:subfield></marc:datafield><marc:datafield tag="650" ind1=" " ind2="0"><marc:subfield code="a">Urban renewal</marc:subfield><marc:subfield code="z">New Zealand</marc:subfield><marc:subfield code="z">Wellington.</marc:subfield></marc:datafield><marc:datafield tag="650" ind1=" " ind2="0"><marc:subfield code="a">City planning</marc:subfield><marc:subfield code="z">New Zealand</marc:subfield><marc:subfield code="z">Wellington.</marc:subfield></marc:datafield><marc:datafield tag="650" ind1=" " ind2="7"><marc:subfield code="a">Tāone nui.</marc:subfield><marc:subfield code="2">reo</marc:subfield></marc:datafield><marc:datafield tag="650" ind1=" " ind2="7"><marc:subfield code="a">Kaupapa.</marc:subfield><marc:subfield code="2">reo</marc:subfield></marc:datafield><marc:datafield tag="710" ind1="2" ind2=" "><marc:subfield code="i">Translation of:</marc:subfield><marc:subfield code="a">Wellington (N.Z.).</marc:subfield><marc:subfield code="b">City Council.</marc:subfield><marc:subfield code="t">Mahere mokowā mō Pōneke.</marc:subfield></marc:datafield><marc:datafield tag="776" ind1="0" ind2="8"><marc:subfield code="i">Online version:</marc:subfield><marc:subfield code="t">He mahere mokowā mō Pōneke</marc:subfield><marc:subfield code="w">(Nz)9919147877602836</marc:subfield></marc:datafield><marc:datafield tag="901" ind1=" " ind2=" "><marc:subfield code="a">RRO</marc:subfield></marc:datafield><marc:datafield tag="942" ind1=" " ind2=" "><marc:subfield code="a">nznb 2022-03</marc:subfield></marc:datafield></marc:record>