
<marc:record><marc:leader>02432cam a2200469 i 4500</marc:leader>
<marc:controlfield tag="001">9919153986502836</marc:controlfield>
<marc:controlfield tag="005">20220309140812.0</marc:controlfield><marc:controlfield tag="008">211214s2020    nz a          00| p eng  </marc:controlfield><marc:datafield tag="020" ind1=" " ind2=" "><marc:subfield code="a">9780995141513</marc:subfield><marc:subfield code="q">paperback</marc:subfield></marc:datafield><marc:datafield tag="035" ind1=" " ind2=" "><marc:subfield code="a">(OCoLC)1288428382</marc:subfield></marc:datafield><marc:datafield tag="040" ind1=" " ind2=" "><marc:subfield code="a">Nz</marc:subfield><marc:subfield code="b">eng</marc:subfield><marc:subfield code="e">rda</marc:subfield><marc:subfield code="c">Nz</marc:subfield></marc:datafield><marc:datafield tag="041" ind1="0" ind2=" "><marc:subfield code="a">eng</marc:subfield><marc:subfield code="a">mao</marc:subfield></marc:datafield><marc:datafield tag="042" ind1=" " ind2=" "><marc:subfield code="a">nznb</marc:subfield></marc:datafield><marc:datafield tag="043" ind1=" " ind2=" "><marc:subfield code="a">u-nz---</marc:subfield></marc:datafield><marc:datafield tag="082" ind1="0" ind2="4"><marc:subfield code="a">NZ821.3</marc:subfield><marc:subfield code="2">23</marc:subfield></marc:datafield><marc:datafield tag="100" ind1="1" ind2=" "><marc:subfield code="a">O'Rourke, Maris,</marc:subfield><marc:subfield code="e">author.</marc:subfield></marc:datafield><marc:datafield tag="245" ind1="1" ind2="0"><marc:subfield code="a">Paradox :</marc:subfield><marc:subfield code="b">ten poems by Maris O'Rourke /</marc:subfield><marc:subfield code="c">Illustrated by Paddy O'Rourke.</marc:subfield></marc:datafield><marc:datafield tag="264" ind1=" " ind2="1"><marc:subfield code="a">[Auckland, New Zealand] :</marc:subfield><marc:subfield code="b">The Pear Tree Press,</marc:subfield><marc:subfield code="c">2020.</marc:subfield></marc:datafield><marc:datafield tag="300" ind1=" " ind2=" "><marc:subfield code="a">1 volume (unpaged) :</marc:subfield><marc:subfield code="b">illustrations (some colour) ;</marc:subfield><marc:subfield code="c">25 cm</marc:subfield></marc:datafield><marc:datafield tag="336" ind1=" " ind2=" "><marc:subfield code="a">text</marc:subfield><marc:subfield code="2">rdacontent</marc:subfield></marc:datafield><marc:datafield tag="336" ind1=" " ind2=" "><marc:subfield code="a">still image</marc:subfield><marc:subfield code="2">rdacontent</marc:subfield></marc:datafield><marc:datafield tag="337" ind1=" " ind2=" "><marc:subfield code="a">unmediated</marc:subfield><marc:subfield code="2">rdamedia</marc:subfield></marc:datafield><marc:datafield tag="338" ind1=" " ind2=" "><marc:subfield code="a">volume</marc:subfield><marc:subfield code="2">rdacarrier</marc:subfield></marc:datafield><marc:datafield tag="500" ind1=" " ind2=" "><marc:subfield code="a">Title printed in red and black.</marc:subfield></marc:datafield><marc:datafield tag="500" ind1=" " ind2=" "><marc:subfield code="a">Illustrations on cards mounted opposite each poem.</marc:subfield></marc:datafield><marc:datafield tag="500" ind1=" " ind2=" "><marc:subfield code="a">Binding: grey card wrapper over red card covers; printed on cream paper. Untrimmed edges.</marc:subfield></marc:datafield><marc:datafield tag="500" ind1=" " ind2=" "><marc:subfield code="a">&quot;'Paradox' is letterpress printed from handset metal types by Tara McLeod at The Pear Tree Press, Auckland, New Zealand.  Poems are set in 14 pt Garamond roman with titles in 24 pt Palette script.  The original hand printed illustrations are by artist and teacher Paddy O'Rourke, produced with the assistance of Tara McLeod.  They are a combination of woodcuts, linocuts, photograms and cyanotypes.  The paper is 190 gsm Trophee cream&quot;--Colophon.</marc:subfield></marc:datafield><marc:datafield tag="505" ind1="0" ind2=" "><marc:subfield code="a">Eight pieces of brocade -- Waiting room -- Waka taua = War canoe -- The paradox of happiness -- Writing -- Spells to restore visibility -- Winter fires -- Dreamin' -- Kintsugi -- Tangi time.</marc:subfield></marc:datafield><marc:datafield tag="546" ind1=" " ind2=" "><marc:subfield code="a">In English and Māori.</marc:subfield></marc:datafield><marc:datafield tag="590" ind1=" " ind2=" "><marc:subfield code="a">The Alexander Turnbull Library Rare Book copy is an unnumbered copy from an issue of 50 copies. Provenance: Legal deposit to the ATL. Acc. 2022-0001.</marc:subfield></marc:datafield><marc:datafield tag="650" ind1=" " ind2="0"><marc:subfield code="a">Fine books</marc:subfield><marc:subfield code="z">New Zealand</marc:subfield><marc:subfield code="z">Auckland</marc:subfield><marc:subfield code="v">Specimens.</marc:subfield></marc:datafield><marc:datafield tag="650" ind1=" " ind2="7"><marc:subfield code="a">Tuhinga auaha.</marc:subfield><marc:subfield code="2">reo</marc:subfield></marc:datafield><marc:datafield tag="655" ind1=" " ind2="7"><marc:subfield code="a">Color printing (Printing)</marc:subfield><marc:subfield code="2">rbpri</marc:subfield></marc:datafield><marc:datafield tag="655" ind1=" " ind2="7"><marc:subfield code="a">Illustrated works</marc:subfield><marc:subfield code="z">New Zealand</marc:subfield><marc:subfield code="z">Auckland</marc:subfield><marc:subfield code="y">21st century.</marc:subfield><marc:subfield code="2">rbgenr</marc:subfield></marc:datafield><marc:datafield tag="655" ind1=" " ind2="7"><marc:subfield code="a">Poems.</marc:subfield><marc:subfield code="2">rbgenr</marc:subfield></marc:datafield><marc:datafield tag="655" ind1=" " ind2="7"><marc:subfield code="a">New Zealand poetry</marc:subfield><marc:subfield code="y">21st century</marc:subfield><marc:subfield code="2">local</marc:subfield><marc:subfield code="5">Nz</marc:subfield></marc:datafield><marc:datafield tag="700" ind1="1" ind2=" "><marc:subfield code="a">O'Rourke, Paddy,</marc:subfield><marc:subfield code="e">illustrator,</marc:subfield><marc:subfield code="e">artist.</marc:subfield></marc:datafield><marc:datafield tag="700" ind1="1" ind2=" "><marc:subfield code="a">McLeod, Tara,</marc:subfield><marc:subfield code="e">printer.</marc:subfield></marc:datafield><marc:datafield tag="710" ind1="2" ind2=" "><marc:subfield code="a">Pear Tree Press (Auckland, N.Z.),</marc:subfield><marc:subfield code="e">printer,</marc:subfield><marc:subfield code="e">artist.</marc:subfield></marc:datafield><marc:datafield tag="752" ind1=" " ind2=" "><marc:subfield code="a">New Zealand</marc:subfield><marc:subfield code="d">Auckland.</marc:subfield></marc:datafield><marc:datafield tag="901" ind1=" " ind2=" "><marc:subfield code="a">SCL</marc:subfield></marc:datafield><marc:datafield tag="942" ind1=" " ind2=" "><marc:subfield code="a">nznb 2022-01</marc:subfield></marc:datafield></marc:record>