
<marc:record><marc:leader>03808cam a2200625 i 4500</marc:leader>
<marc:controlfield tag="001">9919156399802836</marc:controlfield>
<marc:controlfield tag="005">20220117141512.0</marc:controlfield><marc:controlfield tag="008">211229s2021    nz a     b    000 0deng d</marc:controlfield><marc:datafield tag="020" ind1=" " ind2=" "><marc:subfield code="a">9781877375712</marc:subfield><marc:subfield code="q">hardback</marc:subfield></marc:datafield><marc:datafield tag="020" ind1=" " ind2=" "><marc:subfield code="a">1877375713</marc:subfield><marc:subfield code="q">hardback</marc:subfield></marc:datafield><marc:datafield tag="035" ind1=" " ind2=" "><marc:subfield code="a">(OCoLC)1290337208</marc:subfield></marc:datafield><marc:datafield tag="035" ind1=" " ind2=" "><marc:subfield code="a">(OCoLC)on1290337208</marc:subfield></marc:datafield><marc:datafield tag="040" ind1=" " ind2=" "><marc:subfield code="a">D8D</marc:subfield><marc:subfield code="b">eng</marc:subfield><marc:subfield code="e">rda</marc:subfield><marc:subfield code="c">D8D</marc:subfield><marc:subfield code="d">NZAUC</marc:subfield><marc:subfield code="d">UV1</marc:subfield><marc:subfield code="d">Nz</marc:subfield></marc:datafield><marc:datafield tag="041" ind1=" " ind2=" "><marc:subfield code="a">eng</marc:subfield><marc:subfield code="a">mao</marc:subfield></marc:datafield><marc:datafield tag="042" ind1=" " ind2=" "><marc:subfield code="a">nznb</marc:subfield></marc:datafield><marc:datafield tag="043" ind1=" " ind2=" "><marc:subfield code="a">u-nz---</marc:subfield></marc:datafield><marc:datafield tag="050" ind1=" " ind2="4"><marc:subfield code="a">NX430.N45</marc:subfield><marc:subfield code="b">P85 2021</marc:subfield></marc:datafield><marc:datafield tag="082" ind1="0" ind2="4"><marc:subfield code="a">746.4208999442</marc:subfield><marc:subfield code="2">23</marc:subfield></marc:datafield><marc:datafield tag="245" ind1="0" ind2="0"><marc:subfield code="a">Te Puna Waiora :</marc:subfield><marc:subfield code="b">the distinguished weavers of Te Kāhui Whiritoi  /</marc:subfield><marc:subfield code="c">Ngāhuia te Awekōtuku, Donna Campbell, Awhina Tamarapa and Nathan Pōhio ; te reo Māori translations by Te Ingo Ngaia and Paora Tibble ; editors, Ranui Ngarimu and Sarah Pepperle ; designer, Peter Bray ; photographer, John Collie.</marc:subfield></marc:datafield><marc:datafield tag="264" ind1=" " ind2="1"><marc:subfield code="a">Ōtautahi Christchurch, Aotearoa New Zealand :</marc:subfield><marc:subfield code="b">Christchurch Art Gallery Te Puna o Waiwhetū,</marc:subfield><marc:subfield code="c">2021.</marc:subfield></marc:datafield><marc:datafield tag="300" ind1=" " ind2=" "><marc:subfield code="a">211 pages :</marc:subfield><marc:subfield code="b">colour illustrations ;</marc:subfield><marc:subfield code="c">28 cm</marc:subfield></marc:datafield><marc:datafield tag="336" ind1=" " ind2=" "><marc:subfield code="a">text</marc:subfield><marc:subfield code="2">rdacontent</marc:subfield></marc:datafield><marc:datafield tag="336" ind1=" " ind2=" "><marc:subfield code="a">still image</marc:subfield><marc:subfield code="2">rdacontent</marc:subfield></marc:datafield><marc:datafield tag="337" ind1=" " ind2=" "><marc:subfield code="a">unmediated</marc:subfield><marc:subfield code="2">rdamedia</marc:subfield></marc:datafield><marc:datafield tag="338" ind1=" " ind2=" "><marc:subfield code="a">volume</marc:subfield><marc:subfield code="2">rdacarrier</marc:subfield></marc:datafield><marc:datafield tag="504" ind1=" " ind2=" "><marc:subfield code="a">Includes bibliographical references.</marc:subfield></marc:datafield><marc:datafield tag="500" ind1=" " ind2=" "><marc:subfield code="a">&quot;Published in 2021 ... on the occasion of the exhibition Te Puna Waiora : The Distinguished Weavers of Te Kāhui Whiritoi at Christchurch Art Gallery Te Puna o Waiwhetū, 18 December - 3 April 2022&quot;--Preliminary pages.</marc:subfield></marc:datafield><marc:datafield tag="520" ind1=" " ind2=" "><marc:subfield code="a">&quot;The weavers of Te Kahui Whiritoi are the senior Māori weavers of Aotearoa New Zealand. Here, their works and stories reveal the complexity and beauty of raranga, placing te whare pora, the house of weaving, at the centre of Māori life, where it connects the weaver to their whakapapa and whenua, their whānau, iwi and tūpuna&quot;--Back cover.</marc:subfield></marc:datafield><marc:datafield tag="546" ind1=" " ind2=" "><marc:subfield code="a">In English and te reo Māori.</marc:subfield></marc:datafield><marc:datafield tag="505" ind1="0" ind2=" "><marc:subfield code="a">Ngā Mahi Huatau ā Wāhine Māori: Reflections on Māori Women and Art / Ngāhuia te Awekōtuku, translated by Te Ingo Ngaia -- E Raranga ana, e Whatu ana...: When the Weavers are Weaving / Awhinwa Tamarapa, translated by Paora Tibble -- Te Reo Hoahoa o Te Whare Pora: The Language of Design in the Māori Fibre Arts / Donna Campbell, translated by Paora Tibble -- The Distinguished Weavers of Te Kāhui Whiritoi: -- Te Puna Waiora from within Te Whare Pora / Nathan Pōhio -- Ngā Here o Te Ao -- Cath Brown -- Emily Rangitiaria Schuster -- Whero o te Rangi Bailey -- Dr Te Aue Davis -- Dr Diggeress Rangituatahi Te Kanawa -- Matekino Lawless -- Eddie Maxwell -- Saana Waitai Murray -- Riria Smith -- Toi Te Rito Maihi -- Ranui Ngarimu -- Reihana Parata -- Connie Pewhairangi-Potae -- Madeleine Sophie Tangohau -- Mere Walker -- Pareaute Nathan -- Sonia Snowden -- Christina Hurihia Wirihana -- Pariana te Tai -- List of Works -- Contributors Notes.</marc:subfield></marc:datafield><marc:datafield tag="610" ind1="2" ind2="0"><marc:subfield code="a">Te Kāhui Whiritoi</marc:subfield><marc:subfield code="v">Exhibitions.</marc:subfield></marc:datafield><marc:datafield tag="650" ind1=" " ind2="0"><marc:subfield code="a">Weaving</marc:subfield><marc:subfield code="z">New Zealand</marc:subfield><marc:subfield code="v">Exhibitions.</marc:subfield></marc:datafield><marc:datafield tag="650" ind1=" " ind2="0"><marc:subfield code="a">Art, Maori</marc:subfield><marc:subfield code="z">New Zealand</marc:subfield><marc:subfield code="v">Exhibitions.</marc:subfield></marc:datafield><marc:datafield tag="650" ind1=" " ind2="0"><marc:subfield code="a">Weavers</marc:subfield><marc:subfield code="z">New Zealand.</marc:subfield></marc:datafield><marc:datafield tag="650" ind1=" " ind2="7"><marc:subfield code="a">Raranga.</marc:subfield><marc:subfield code="2">reo</marc:subfield></marc:datafield><marc:datafield tag="650" ind1=" " ind2="7"><marc:subfield code="a">Raranga kete.</marc:subfield><marc:subfield code="2">reo</marc:subfield></marc:datafield><marc:datafield tag="650" ind1=" " ind2="7"><marc:subfield code="a">Tukutuku.</marc:subfield><marc:subfield code="2">reo</marc:subfield></marc:datafield><marc:datafield tag="650" ind1=" " ind2="7"><marc:subfield code="a">Whatu kākahu.</marc:subfield><marc:subfield code="2">reo</marc:subfield></marc:datafield><marc:datafield tag="650" ind1=" " ind2="7"><marc:subfield code="a">Whakaaturanga toi ataata.</marc:subfield><marc:subfield code="2">reo</marc:subfield></marc:datafield><marc:datafield tag="650" ind1=" " ind2="7"><marc:subfield code="a">Hunga mahi toi.</marc:subfield><marc:subfield code="2">reo</marc:subfield></marc:datafield><marc:datafield tag="650" ind1=" " ind2="7"><marc:subfield code="a">Wāhine.</marc:subfield><marc:subfield code="2">reo</marc:subfield></marc:datafield><marc:datafield tag="650" ind1=" " ind2="7"><marc:subfield code="a">Kōrero taumata.</marc:subfield><marc:subfield code="2">reo</marc:subfield></marc:datafield><marc:datafield tag="650" ind1=" " ind2="7"><marc:subfield code="a">Whare pora.</marc:subfield><marc:subfield code="2">reo</marc:subfield></marc:datafield><marc:datafield tag="700" ind1="1" ind2=" "><marc:subfield code="a">Te Awekotuku, Ngahuia,</marc:subfield><marc:subfield code="e">author.</marc:subfield></marc:datafield><marc:datafield tag="700" ind1="1" ind2=" "><marc:subfield code="a">Campbell, Donna,</marc:subfield><marc:subfield code="d">1959-</marc:subfield><marc:subfield code="e">author.</marc:subfield></marc:datafield><marc:datafield tag="700" ind1="1" ind2=" "><marc:subfield code="a">Tamarapa, Awhina,</marc:subfield><marc:subfield code="d">1966-</marc:subfield><marc:subfield code="e">author.</marc:subfield></marc:datafield><marc:datafield tag="700" ind1="1" ind2=" "><marc:subfield code="a">Pohio, Nathan,</marc:subfield><marc:subfield code="e">author.</marc:subfield></marc:datafield><marc:datafield tag="700" ind1="1" ind2=" "><marc:subfield code="a">Ngaia, Te Ingo,</marc:subfield><marc:subfield code="e">translator.</marc:subfield></marc:datafield><marc:datafield tag="700" ind1="1" ind2=" "><marc:subfield code="a">Tibble, Paora,</marc:subfield><marc:subfield code="e">translator.</marc:subfield></marc:datafield><marc:datafield tag="700" ind1="1" ind2=" "><marc:subfield code="a">Ngarimu, Ranui,</marc:subfield><marc:subfield code="e">editor.</marc:subfield></marc:datafield><marc:datafield tag="700" ind1="1" ind2=" "><marc:subfield code="a">Pepperle, Sarah,</marc:subfield><marc:subfield code="e">editor.</marc:subfield></marc:datafield><marc:datafield tag="700" ind1="1" ind2=" "><marc:subfield code="a">Collie, John</marc:subfield><marc:subfield code="e">photographer (expression)</marc:subfield></marc:datafield><marc:datafield tag="710" ind1="2" ind2=" "><marc:subfield code="a">Christchurch Art Gallery,</marc:subfield><marc:subfield code="e">issuing body,</marc:subfield></marc:datafield><marc:datafield tag="901" ind1=" " ind2=" "><marc:subfield code="a">SVV</marc:subfield></marc:datafield><marc:datafield tag="942" ind1=" " ind2=" "><marc:subfield code="a">nznb 2022-01</marc:subfield></marc:datafield></marc:record>